3971 5698
491 177 279 47 NOS
836 177 481 47 JEOHOS

116 278 181 34 Aujourd'hui
315 278 103 26 samedi

74 343 98 18 Uonnaie,
186 343 11 16 8
208 341 28 19 h.,
251 346 9 11 c
274 342 41 15 Dor.
329 340 103 19 Quichotte
447 344 17 12 >.

76 370 54 17 l'src,
144 370 11 16 8
169 369 20 16 b.
204 368 39 20 3/4.
259 372 9 11 «
283 368 17 15 M
307 369 48 13 .;•--*.
370 371 16 11 ».

75 395 94 19 Galeries,
179 395 12 17 8
203 395 20 16 b.
237 394 38 19 1/2.
289 398 9 11 *
312 394 41 16 Une
366 393 114 19 Bourgeoise
494 396 16 13 a.

77 422 110 17 Aibinbra,
201 421 11 17 8
225 421 20 16 h.
262 421 39 18 1/4,
317 424 10 12 c
344 420 42 16 1938
401 424 17 12 ».

77 451 64 16 Seala.
151 450 12 17 ■
176 449 21 17 h.
212 448 38 19 1/3,
262 453 9 10 «
284 447 27 17 La
325 447 64 16 Revue
405 450 16 13 >.

77 475 134 18 Ambui*d*r,
221 476 11 16 8
242 475 19 16 h.
273 474 29 17 40.
312 479 9 10 •
333 473 92 16 L'Amour
436 471 79 20 Masqué
529 476 16 12 ».

79 502 113 17 •.•■derme.
207 502 11 17 8
231 500 20 18 b.
269 500 37 19 1/3.
322 504 9 12 ■
347 500 27 16 En
390 498 74 18 Bordée
481 502 16 13 ».

75 531 71 15 Canins
160 529 86 20 Lyrique.
258 528 11 16 B
284 528 19 15 h.
317 527 38 17 1,2.
368 532 8 9 «
390 526 99 16 Princesse
504 524 76 18 Dollars
596 529 8 10 •

76 557 64 17 ualté.
154 556 12 17 8
176 555 21 17 h-
212 555 38 19 1/3.
264 558 10 12 «
290 554 27 16 La
332 553 64 17 Rerue
407 552 81 20 Joyeuse
504 556 17 12 ».

76 584 114 18 lapneJnes.
205 590 22 5 —
240 581 90 17 Relâche.

76 611 84 16 Molière,
172 610 11 16 8
197 609 27 18 h.,
239 613 9 10 <
264 608 25 16 Le
304 607 98 17 Monsieur
416 605 23 18 de
452 605 10 17 5
476 605 69 17 heures
561 609 16 12 ».
590 612 18 4 —

77 635 156 20 telles-Bergère.
244 635 11 16 S
265 634 27 19 b..
306 640 7 9 «
325 633 91 17 Mlranda
429 637 16 12 ».

76 664 83 16 Théâtre
173 661 101 19 Flamand,
288 662 11 16 8
312 661 26 18 h.
354 667 8 8 •
377 661 27 16 De
418 659 118 19 Hinderlaaf
550 663 18 12 ».

75 691 69 18 Clrqnc
157 689 67 19 **jal,
236 689 11 16 8
260 688 28 18 h.,
299 687 96 20 spectacle
406 687 94 19 équestre.

77 717 63 16 Palais
152 715 61 20 d'Eté,
225 716 11 16 8
248 715 20 17 h.
282 715 38 18 1/4.
333 714 96 20 spectacle
439 712 59 17 varié.

79 745 95 14 Cinémas.
186 749 24 5 —
224 742 61 19 Voyez
300 745 23 13 en
340 743 70 17 pentes
426 742 103 14 annonces.

636 278 36 27 La
690 278 181 31 température

129 795 213 33 Communiqués
363 794 49 27 dei
430 793 131 27 Théâtre!

250 840 29 23 et
309 835 132 27 Concerts

98 902 98 17 Monnaie.
207 909 25 5 —
247 901 26 16 Ce
286 899 73 18 samedi
382 898 12 17 à
408 898 21 17 20
443 897 27 20 h.,
483 903 9 9 «
509 897 42 16 Don
566 896 37 19 Qui-

77 924 66 17 chotte
161 929 16 11 ».
194 930 23 5 —
232 921 113 18 Dimanche,
359 923 12 13 a
389 920 20 16 14
426 919 13 16 h
470 925 7 7 -
496 918 26 17 L*
537 917 76 19 Walky-

77 946 30 16 rle
122 948 18 15 »;
156 944 12 16 à
181 943 22 17 30
217 942 27 19 h.,
260 947 10 11 «
283 942 80 19 Mignon
377 946 16 10 ».
406 948 23 4 —
444 937 67 19 Lundi,
525 942 12 12 a
555 939 20 15 14
588 938 26 17 h..

79 973 7 7 .
101 966 26 15 La
140 964 86 17 Bascche
240 966 18 15 »;
273 962 11 16 k
298 962 22 16 30
331 962 27 19 h-,
371 966 9 10 «
395 960 25 17 Le
433 960 117 16 Chemineau
564 964 14 11 ».
593 966 20 4 —

78 985 71 18 Mardi,
161 989 12 11 a
190 984 21 16 14
224 983 26 20 h.,
264 988 9 10 •
287 983 59 17 Faust
363 984 17 15 •:
396 981 12 16 â
421 980 22 16 20
457 980 14 16 h
479 991 4 5 .
499 985 9 9 »
525 979 89 16 Madame

78 1005 97 19 Butterfly
190 1009 8 10 »
214 1006 20 14 et
251 1009 8 9 «
277 1003 96 19 Nymphes
386 1002 33 16 des
434 1001 45 16 Bois
496 1006 15 11 ».
527 1008 21 4 —
564 1000 40 16 Mer-

78 1026 59 18 credi,
151 1026 12 15 â
182 1026 20 15 14
219 1025 19 16 h.
262 1027 46 13 avec
323 1023 17 17 le
357 1025 93 14 concours
466 1021 23 16 de
503 1021 25 16 M.
544 1021 17 15 J.
577 1021 38 15 Ro-

78 1045 129 21 gaiciiewsky,
220 1051 9 9 «
243 1045 73 16 Manon
333 1047 16 15 »;
366 1043 12 16 à
391 1043 22 16 20
426 1042 25 20 h..
465 1048 8 7 »
489 1041 26 17 La
528 1041 62 17 Tosca
606 1046 9 9 •

79 1069 20 14 et
111 1072 9 10 «
133 1066 70 19 Quand
215 1065 27 17 les
254 1065 60 16 Chat*
328 1066 45 15 sont
387 1062 62 21 partis
463 1068 14 10 ».
491 1070 23 4 —
526 1061 63 20 Jeudi,
604 1064 11 13 a

78 1087 22 16 20
114 1087 26 17 h..
156 1092 10 10 <
182 1086 92 16 Chanson
287 1085 90 16 d'Amour
395 1089 8 9 »
419 1086 19 14 et
454 1088 9 11 t
479 1083 27 16 La
520 1083 46 15 Nuit
582 1086 23 12 en-

78 1106 84 20 sorcelée
176 1111 18 12 ».
206 1114 24 4 —
243 1106 101 17 Vendredi,
358 1108 12 13 a
384 1104 21 18 30
417 1104 27 21 h..
458 1108 9 12 ■
482 1103 82 16 Carmen
578 1108 15 10 ».

102 1134 54 17 Pare.
166 1141 24 5 —
201 1138 10 10 «
225 1134 74 15 Mozart
313 1137 17 15 ».
343 1131 17 17 le
373 1130 118 20 magnifique
505 1130 65 16 succès
584 1132 33 14 tc-

79 1155 40 16 tuel
138 1158 25 13 ne
173 1157 45 14 sera
230 1153 51 17 Joué,
292 1156 24 14 en
328 1155 65 14 raison
405 1152 162 18 d'engagements,
581 1153 36 17 que

80 1175 88 20 Jusqu'au
184 1175 30 16 ler
227 1173 76 20 janvier
318 1172 67 18 inclus.
400 1171 106 18 Dimanche
520 1172 19 16 ct
554 1170 62 18 mardi

79 1195 22 17 25
116 1195 71 18 -Noeii.
199 1194 85 17 matinée
296 1194 11 16 â
319 1194 11 15 2
340 1193 20 17 h.
373 1193 37 19 1/2.

102 1220 92 18 Galeries.
203 1228 23 5 —
236 1221 25 16 Ce
271 1220 72 17 samedi
356 1220 19 16 et
385 1218 101 17 dimanche
498 1221 23 13 en
533 1217 85 17 matinée

80 1244 20 15 et
121 1241 68 21 soirée,
209 1241 98 17 dernières
329 1240 24 16 de
373 1245 8 10 *
404 1240 42 16 Une
467 1239 114 19 Bourgeoise
602 1244 14 10 ».

81 1262 60 17 Lundi
156 1262 21 16 24
195 1261 105 18 décembre,
316 1263 48 17 pour
381 1260 17 16 le
416 1259 90 17 réveillon
524 1259 24 16 de
565 1259 52 17 Nofcl.

80 1283 86 17 création
181 1283 12 16 à
206 1282 98 17 Bruxelles
314 1282 46 16 d'un
374 1281 61 19 grand
446 1280 65 18 succès
523 1279 86 20 d'opéret-

81 1305 20 15 te
115 1308 9 10 «
138 1302 48 17 Lulu
204 1308 17 11 ».

103 1329 111 16 Alhambra.
228 1336 24 6 —
265 1329 72 16 Trente
352 1328 90 17 tableaux
455 1326 128 19 merveilleux,
600 1326 18 17 la

80 1349 61 18 satire
155 1349 33 17 des
203 1349 67 17 choses
287 1351 19 14 et
321 1351 46 17 gens
385 1348 149 19 d'aujourd'hui,
552 1348 19 16 la
588 1350 21 14 re-

82 1373 36 14 vue
131 1375 9 10 ■
149 1368 51 19 .1928
216 1375 9 10 »
241 1371 30 15 est
284 1369 18 17 le
317 1368 96 20 triomphe
429 1368 23 16 de
465 1368 18 16 ln
498 1368 71 16 Eatson.
585 1368 23 16 Di-

82 1390 81 17 manche
177 1390 90 16 matinée.
283 1390 61 16 Lundi
362 1390 45 18 soir,
424 1388 97 17 réveillon.

104 1416 133 17 Ambassador.
252 1424 24 5 —
287 1417 30 16 On
332 1416 41 18 doit
387 1416 11 16 à
412 1416 45 16 MM.
473 1415 64 17 Sacha
550 1416 69 18 Oultry

82 1439 18 15 cl
114 1436 63 18 André
193 1436 97 20 Messager
306 1440 37 13 une
356 1435 84 17 comédie
456 1435 91 17 musicale
562 1436 57 15 char-

63 1460 7 19 l
83 1460 71 14 mante.
169 1456 52 18 C'est
235 1463 9 9 «
260 1458 92 16 L'Amour
367 1455 79 22 Masqué
463 1460 15 14 ».
493 1456 27 17 La
536 1456 83 16 location

84 1482 47 15 pour
143 1477 18 18 le
174 1477 91 18 réveillon
279 1478 25 16 de
317 1477 46 16 Noél
376 1479 29 15 est
420 1478 85 15 ouverte.

106 1504 115 18 Vaudeville.
234 1512 24 5 —
272 1510 9 10 «
295 1504 28 17 En
338 1504 72 17 Bordée
426 1509 9 10 »
451 1504 28 17 est
492 1503 17 17 lc
524 1503 42 20 plus
581 1503 29 17 for-

83 1525 83 18 midable
179 1524 66 18 succès
258 1525 24 17 de
293 1524 34 17 fou
341 1525 38 16 rire
392 1524 26 16 du
429 1524 91 16 moment.
535 1524 85 16 Darman

84 1547 20 16 et
121 1550 31 13 ses
169 1545 69 20 joyeux
260 1545 121 20 partenaires
399 1544 43 17 font
462 1545 38 16 rire
520 1544 18 17 le
559 1544 62 21 publia

85 1566 96 20 pendante
194 1566 48 17 trois
257 1565 75 17 heures.

106 1593 63 18 Seal»,
181 1599 23 7 —
214 1592 91 20 L'hyper-
307 1594 57 15 revue
377 1591 23 17 de
414 1592 46 16 MM.
472 1591 65 19 Varna
551 1593 19 15 et
582 1591 39 17 Tu-

85 1613 55 17 teller
158 1613 30 17 est
206 1612 18 17 le
241 1612 43 20 plus
300 1611 103 20 attrayant
422 1613 20 16 et
459 1612 17 17 le
492 1611 42 21 plus
553 1612 68 20 Joyeux

84 1632 94 21 spectacle
194 1632 63 18 donné
271 1632 135 17 actuellement
421 1632 12 17 k
448 1632 104 18 Bruxelles.

107 1659 64 18 Galle.
181 1667 24 6 —
217 1659 52 18 C'est
284 1659 11 17 k
307 1659 19 18 la
340 1658 58 18 Oaité
411 1662 36 17 que
459 1659 38 17 l'on
511 1659 26 16 rit
550 1657 18 19 le
580 1658 42 21 plus

85 1683 46 14 avec
144 1680 69 17 Esther
229 1680 97 19 Deltenre,
341 1679 72 19 Orban,
427 1680 50 17 Suzy
493 1679 80 19 GosMn,
590 1679 32 17 Al-

87 1701 54 20 berty
160 1701 33 20 qui
213 1702 44 15 sont
277 1699 164 17 extraordinaires
458 1698 24 18 de
501 1703 56 14 verve
573 1699 49 18 dana

87 1726 8 11 *
109 1721 27 17 La
149 1721 64 16 Revue
224 1721 81 19 Joyeuse
320 1725 15 12 ».

109 1746 84 18 Molière.
206 1754 25 6 —
243 1747 61 16 Toute
317 1746 19 17 la
351 1749 63 17 presse
429 1746 88 17 constate
532 1745 90 18 l'énorme

85 1767 66 18 auccèt
164 1767 95 20 remporté
272 1770 35 17 par
321 1767 35 18 «Le
369 1768 98 16 Monsieur
480 1767 23 17 de
513 1767 10 16 fi
537 1767 85 17 heures».

86 1785 106 20 Dimanche
209 1789 19 15 et
246 1788 70 18 mardi,
331 1787 84 17 matlnôo
432 1787 13 17 à
462 1788 10 16 2
487 1788 19 16 h.
524 1787 27 17 30.

108 1814 71 17 Casino
193 1813 87 21 Lyrique.
294 1822 23 4 —
333 1820 10 10 «
359 1814 98 17 Princesse
472 1814 76 18 Dollars
566 1820 9 10 »
592 1816 21 15 at-

87 1834 37 17 tire
138 1835 19 16 la
172 1834 73 20 grande
261 1833 58 18 foule.

110 1861 159 18 Folies-Bergère.
287 1868 23 5 —
328 1861 26 16 Ce
373 1861 72 17 samedi
463 1861 44 19 soir,
528 1860 12 18 â
560 1862 21 16 20
591 1862 32 19 _h.,

87 1887 10 9 m
112 1881 91 17 Mlranda
217 1886 16 14 »,
246 1882 86 19 opérette
346 1881 85 17 nouvelle
447 1881 72 18 Inédite
534 1883 19 16 et
565 1882 48 20 origi-

88 1901 50 18 nale.
150 1901 106 17 Dimanche
270 1903 19 15 et
302 1901 63 17 mardi
378 1901 85 18 matinée
474 1902 11 16 â
500 1903 19 16 19
533 1903 18 16 h.
564 1903 26 17 lfi.

110 1927 83 17 Tlréâtre
206 1928 99 17 Flamand.
317 1935 23 5 —
353 1928 26 16 Ce
394 1928 71 16 samedi
479 1929 45 20 soir,
538 1928 11 16 i
562 1929 22 16 20
598 1928 26 21 h.,

90 1954 8 9 *
120 1949 28 16 De
168 1948 118 20 Hlnderlang
305 1953 10 11 s
339 1949 152 18 (L'Emouscade.
497 1961 6 9 ,
521 1949 23 17 de
565 1950 59 17 Henri

87 1968 150 18 Kistemaekers.

724 345 113 17 INSTITUT
850 345 225 20 METEOROLOGIQUE

812 372 33 17 DE
862 372 122 21 BELGIQUE

699 412 117 16 BULLETIN
833 412 31 16 DL
880 413 21 15 ?I
918 413 127 16 ULCEMBRE
1060 411 43 17 1928

699 445 97 16 tiltaaïlon
810 446 163 20 atm»»(__crlqae.
986 445 12 17 à
1012 447 10 15 ?
1034 446 68 16 beores

653 480 30 16 Un
698 480 66 15 centre
778 477 154 20 anticyclonique
947 478 24 17 de
985 479 33 15 777
1031 481 44 13 mm.
1089 476 79 17 environ

643 504 9 13 e
668 500 104 16 maintient
788 502 33 13 sur
838 499 19 16 la
871 498 83 20 Pologne
969 501 20 14 et
1005 501 33 15 nr
1054 498 7 17 1
1067 498 60 16 océ-n
1144 499 25 15 u

632 520 52 17 S.-O.
699 520 24 16 de
740 519 6 16 1
754 519 83 17 Islande.

654 541 27 16 De
695 539 68 17 faialrs
780 540 115 16 formations
911 540 121 19 cycloniques
1046 542 20 14 se
1081 538 88 16 tiennent

634 565 31 13 sur
678 562 19 15 la
708 564 40 12 mer
760 561 25 15 du
796 560 51 16 Nord
857 562 19 14 et
888 560 18 16 ia
919 561 79 16 France.

654 581 30 16 On
696 581 84 18 observe,
790 584 34 13 sur
836 580 18 16 la
865 580 96 19 Belgique,
973 581 33 16 des
1016 580 55 16 vents
1081 578 25 17 du
1117 578 52 17 S.-O.

634 601 68 16 faibles
715 604 25 13 eu
753 600 93 18 modérés,
860 604 26 13 un
900 601 37 16 ciel
947 603 79 14 couvert
1039 602 20 15 et
1072 600 98 16 brumeux.

634 625 26 13 un
673 625 36 16 peu
720 622 24 15 de
756 621 51 20 pluie
820 624 19 13 et
852 621 23 16 de
889 624 55 16 ne.ge
956 624 19 14 et
987 622 33 16 des
1031 620 139 20 température»

633 642 16 16 d-
653 645 80 13 environ
746 642 11 15 0
768 641 63 20 degré.

656 662 26 16 La
706 662 137 19 température,
864 665 21 13 ce
906 663 69 17 matin,
994 662 50 16 étalt
1066 661 25 16 de
1112 660 21 16 2»
1158 660 12 16 â

634 682 83 17 Londres
733 684 20 14 et
768 683 62 18 Paris.
845 683 8 16 1
868 683 12 15 â
896 683 98 16 Bruxelles
1010 684 19 15 et
1045 681 126 19 Helsiugîors,

634 704 10 15 0
659 703 12 16 k
688 702 83 18 Madrid.
786 703 30 16 —1
835 706 12 12 a
864 704 111 15 stcccî:o;.*n
993 705 19 14 et
1027 703 65 17 Rome,
1109 701 33 16 —3
1159 704 12 13 a

634 723 126 20 Copenhague
778 724 19 15 et
812 723 51 18 Oslo,
879 724 32 16 —3
927 723 12 16 à
957 724 93 16 Bucarest
1067 724 19 14 et
1103 722 69 19 Berne.

643 743 23 16 -5
679 743 12 16 à
703 743 105 21 Buaapeat.
819 752 22 3 —
841 744 11 16 8
866 743 11 17 k
892 744 79 19 Vienne,
983 751 22 5 —
1007 744 21 17 10
1041 743 12 16 k
1064 743 74 19 Prague
1152 744 19 14 et

636 764 95 16 Varsovie.

842 790 127 17 ■•réhabilités

657 824 47 17 Vent
718 824 59 16 fai'.Ie
788 824 11 16 k
812 823 77 17 modéré
899 824 24 16 de
932 824 95 16 direction
1038 822 69 18 variée.
1120 821 41 18 Nua-

634 848 48 16 geux
694 848 11 13 a
717 847 83 14 couvrît.
812 845 101 16 Brumeux.
924 845 109 16 Brouillard
1045 843 54 18 local.
1112 844 59 15 Rares

635 865 70 16 ondées
717 865 23 16 de
755 865 50 20 pluie
820 869 24 12 ou
858 865 24 16 de
894 866 60 19 neige.
969 866 57 16 Asrez
1037 864 57 17 froid.
1108 863 57 17 Gelec

706 898 137 17 Observations
857 897 12 17 à
883 898 62 17 Uccle.
959 898 11 16 â
987 898 10 16 7
1013 898 68 16 heures
1096 901 6 12 :

636 932 111 16 Baromètre
763 932 12 15 à
792 932 21 15 0*
833 931 52 17 (1033
899 931 95 17 millibars
1008 932 18 15 3)
1085 930 76 16 746mm.
1163 930 10 15 9

634 952 138 20 Température
789 952 104 16 maximum
912 952 23 17 de
953 951 19 17 l-
987 952 56 16 vei_le

635 973 137 18 Température
789 974 100 14 minimum
903 972 24 17 de
943 972 20 17 la
979 973 44 15 nuit

636 993 97 16 Humidité
753 997 11 12 a
781 993 47 16 midi
848 1005 11 4 ..
1038 1003 6 6 .

636 1014 39 16 Eau
693 1014 74 16 tombée
781 1017 23 12 en
819 1013 21 16 34
855 1012 69 18 heures
944 1013 28 17 fl*
986 1012 63 19 veille)

636 1034 98 16 Direction
749 1033 113 17 dominante
881 1033 25 17 du
925 1035 45 14 vent

638 1055 73 16 vitesse
726 1057 49 17 moy.
789 1054 25 16 du
830 1055 46 15 vent
895 1058 33 13 -m.
945 1057 35 17 par
996 1054 45 17 eec.)

638 1075 121 16 Décltcalson
779 1074 123 21 m&bnétlq'je
922 1074 27 17 ils
970 1074 62 17 veillet

659 1101 58 17 Soleil
734 1105 5 12 :
754 1101 50 17 lever
821 1102 10 15 7
844 1101 19 16 h.
880 1101 29 18 43;
924 1101 82 17 coueher
1019 1100 21 16 15
1053 1099 19 17 h.
1088 1100 27 15 40.

659 1122 53 17 Luue
730 1126 5 12 :
750 1122 50 16 lever
818 1122 20 16 12
854 1122 19 16 h.
890 1123 28 17 54;
935 1122 81 16 courber
1031 1121 8 16 1
1056 1120 19 17 h.
1091 1120 28 16 45.

660 1149 64 17 Haute
737 1152 41 13 mer
795 1152 4 13 :
815 1149 85 17 Ostende
911 1149 11 15 7
934 1148 19 17 h.
966 1148 22 16 30
1002 1150 19 14 et
1034 1147 21 16 30
1070 1147 18 15 h.
1101 1147 16 16 8.

661 1169 63 17 Haute
736 1173 40 13 mer
791 1173 5 12 :
811 1170 72 17 Anvers
896 1170 20 16 10
928 1169 19 16 b.
961 1170 21 15 44
995 1171 19 14 ct
1027 1168 21 16 23
1059 1168 19 15 h.
1091 1167 28 17 24.

1142 971 9 14 C
1165 969 8 17 S

1152 990 22 16 93

1107 1011 9 16 3
1118 1014 37 13 mm
1165 1012 8 14 4

1123 1031 50 17 8.-E.

1164 1052 11 16 3

1192 276 31 19 La
1239 276 59 20 lutte
1312 276 80 21 contre
1406 276 33 21 les
1454 276 76 20 tandis

1218 325 31 19 M.
1262 324 116 22 Delcourt.
1389 324 49 20 vice
1440 322 129 26 -président
1581 321 28 21 de
1621 321 23 19 la
1657 320 70 22 Ligue

1192 349 40 20 des
1245 348 101 21 familles
1359 349 156 20 nombreuses,
1526 347 29 20 de
1566 347 94 19 concert
1672 348 55 17 avec

1192 375 32 19 M.
1238 374 112 24 Marlque.
1364 373 54 21 chef
1433 374 28 20 de
1475 372 85 21 service
1573 371 14 20 â
1600 370 23 20 U
1638 369 89 20 Société

1764 96 19 26 2
1837 96 37 27 La
1900 97 127 27 Dernière
2052 98 89 27 Heure
2197 96 18 24 2

1828 175 168 28 NOUïELLb
2016 168 191 35 LITTÉRAIRE

1772 244 489 67 FRANCIS

1777 347 32 20 Ce
1834 345 124 21 dimanche
1983 346 29 20 de
2037 345 129 23 novembre.
2189 343 95 20 Francis

1761 374 51 18 esta
1833 371 50 20 seul
1906 371 58 19 dans
1983 371 9 19 1
1998 372 161 23 appartement
2180 373 55 15 avec
2258 373 27 15 sa

1193 400 40 19 des
1247 392 148 26 Habitations
1409 398 15 20 à
1439 398 46 20 bon
1499 395 102 22 marché,
1613 394 64 21 avait
1690 394 38 19 in-
1736 392 4 25 |
1749 396 151 24 grand'mère.
1920 400 40 15 car
1979 400 44 15 son
2040 396 54 24 père
2119 398 24 17 et
2168 398 27 15 sa
2221 392 63 21 mère

1206 423 32 20 ité
1257 424 21 19 le
1296 423 106 20 ministre
1419 423 28 20 de
1464 420 132 22 l'Industrie
1615 423 24 17 tt
1657 419 29 20 de
1705 419 22 20 la

1191 448 146 20 Prévovance
1370 447 84 20 sociale
1474 447 15 20 à
1512 446 79 20 visiter
1626 443 101 21 certains

1192 474 115 24 quartiers
1318 473 29 20 de
1359 472 118 21 Bruxelles
1488 471 51 21 afin
1550 470 55 25 qu'il
1616 469 76 25 puisse
1705 472 24 15 se

1192 498 83 20 rendre
1298 499 92 22 compte
1413 502 40 15 sur
1476 496 65 24 place
1564 495 28 20 de
1615 493 112 21 l'absence

1193 522 120 25 d'hvglène
1327 523 28 19 de
1369 522 102 20 certains
1486 520 134 24 logements.

1219 549 32 19 M.
1269 548 105 23 Heyrnan
1392 547 58 20 était
1469 544 156 25 accompagné
1642 544 29 20 de
1688 547 42 16 son

1193 573 54 21 chef
1262 573 28 20 de
1305 572 99 22 cabinet,
1420 572 31 20 M.
1469 572 34 20 De
1519 570 94 24 Voghel.
1636 569 29 20 de
1687 573 43 15 son

1193 597 129 22 secrétaire.
1334 598 31 19 M.
1378 597 85 24 Bas;-n.
1474 599 23 17 ct
1510 596 54 20 d'un
1575 594 116 21 directeur
1701 593 28 20 de

1193 627 42 16 son
1248 621 168 25 département.
1431 622 31 19 M.
1478 620 102 21 Ausioos.
1594 620 46 19 Des
1652 616 66 25 repré-

1192 650 108 18 sentants
1316 647 28 20 de
1361 647 100 20 diverses
1477 650 90 16 œuvres
1584 642 133 22 d'améliora-

1194 673 49 19 tion
1264 672 40 20 tics
1325 671 128 24 logements
1463 673 51 25 .ont
1533 669 47 24 pris
1598 669 55 23 part
1672 668 15 20 à
1707 667 23 19 la

1193 697 73 20 visite.
1282 697 31 20 Le
1328 700 86 20 groupe
1428 696 55 20 s'est
1495 694 74 21 rendu
1583 694 147 20 notamment

1194 722 60 20 dans
1270 721 21 21 le
1307 721 103 24 quartier
1424 720 28 21 de
1469 720 23 20 la
1508 724 41 15 rue
1565 718 78 20 Haute
1662 722 5 15 :
1685 717 32 19 im-

1194 751 78 20 passes
1291 746 31 20 du
1340 746 104 23 Muguet.
1460 745 82 20 Meert.
1561 743 109 22 Londres,
1690 745 40 16 rue

1194 771 190 24 Ste-Véronlque,
1408 774 41 16 rue
1471 769 29 20 de
1520 767 100 21 l'Amitié
1643 770 24 17 et
1691 770 40 17 rue

1196 796 147 24 St-Jacques.
1356 797 23 18 et
1393 795 59 20 dans
1464 794 22 20 le
1499 793 103 24 quartier
1615 793 28 20 de
1657 792 23 19 la
1692 795 40 15 rue

1194 819 277 25 Rempart-des-Moines.
1494 819 60 20 dans
1576 817 33 21 ies
1633 816 99 26 venelles

1195 846 31 20 du
1243 846 52 20 coin
1311 845 31 20 du
1358 843 88 21 Diable.
1667 841 25 20 C.

1198 877 171 20 Saint-Nicolas
1382 881 46 15 aux
1442 875 73 20 écoles
1531 875 28 19 de
1575 874 79 19 Huren

2536 170 229 67 LES
2848 160 867 75 FAITS-DIVERS

2333 281 150 21 ACCIDENT
2511 281 39 20 DE
2580 282 149 21 ROUTAGE.
2745 292 28 5 —
2785 282 56 20 Hier

2306 307 81 21 r»--atin.
2404 310 30 16 en
2448 308 130 19 traversant
2594 307 21 20 la
2634 311 40 17 rue
2692 308 30 19 du
2739 307 103 21 Marche.

2305 332 14 19 à
2332 331 125 22 Bruxelles.
2469 332 31 19 M.
2512 331 80 20 Albert
2603 332 133 23 D'Haenen,
2746 332 82 21 demeu-

2306 359 55 17 rant
2375 360 42 16 rue
2431 357 31 19 du
2477 357 92 21 Casino,
2582 356 14 20 à
2612 357 151 21 Schaerbeek.
2777 362 14 15 a
2804 356 37 20 été

2306 381 106 21 renversé
2443 386 43 19 par
2518 382 116 23 l'attelage
2654 387 44 19 que
2712 381 129 21 conduisait

2307 406 109 23 François
2425 406 44 20 V...
2483 406 109 20 habitant
2602 407 110 20 chaussée
2723 407 30 20 dc
2763 407 78 20 Wem-

2307 431 52 21 mel.
2374 430 15 20 à
2405 431 201 21 Jette-St-Pierre.
2621 432 20 20 Il
2656 436 15 16 a
2687 431 37 21 été
2738 431 73 21 blessé
2827 430 15 20 à

2307 457 22 19 la
2341 456 48 20 tète
2399 459 24 18 et
2434 461 45 15 aux
2492 457 120 19 membres.
2626 457 42 20 Les
2679 457 63 20 soins
2749 461 44 20 que
2805 456 24 20 ré-

2307 481 95 20 clamait
2417 486 42 15 son
2475 481 49 21 état
2541 482 32 20 lui
2587 486 40 16 ont
2644 482 37 20 été
2695 482 89 20 donnés
2800 485 42 21 par

2308 511 32 15 un
2360 506 110 20 médecin.
2507 507 51 20 Une
2578 507 98 24 enquête
2694 509 36 18 est
2749 508 94 19 ouverte

2308 536 57 15 p_ur
2384 531 83 20 établir
2486 531 33 21 les
2533 536 81 16 causes
2630 532 29 21 de
2676 535 36 17 cet
2731 532 105 20 accident

2307 556 26 20 D.

642 1233 71 21 Butin
728 1232 149 25 cynégétique

668 1281 42 20 Les
727 1281 92 20 battues
833 1285 30 15 au
880 1284 51 20 gros
950 1278 71 25 gibier
1038 1278 38 24 qui
1090 1277 42 21 ont
1149 1282 29 16 eu

642 1305 46 22 lieu
704 1306 58 20 dans
777 1304 193 25 l'Hertogenwald
988 1304 15 20 à
1018 1304 24 20 la
1058 1303 35 21 fin
1111 1303 28 20 de
1156 1302 23 20 la

641 1331 104 21 semaine
761 1330 105 21 dernière
884 1331 41 19 ont
944 1329 86 24 permis
1061 1327 119 22 d'Inscrire

642 1361 30 16 au
690 1356 93 21 tableau
807 1360 6 16 :
835 1355 57 21 trois
909 1354 120 24 sangliers,
1045 1354 60 20 deux
1125 1353 53 20 bro-

644 1382 87 23 quarts,
746 1383 52 22 sept
814 1380 77 21 biches
907 1381 24 18 et
946 1381 61 19 deux
1037 1379 60 20 cerfs
1129 1378 52 21 huit

643 1411 57 16 cors.

669 1432 43 21 Les
729 1431 92 21 chasses
839 1436 25 15 se
882 1430 53 21 sont
951 1429 118 22 déroulées
1085 1433 43 20 par
1147 1433 32 16 un

645 1457 60 21 froid
723 1457 97 22 Intense,
837 1456 23 20 la
878 1455 66 24 neige
963 1455 133 23 atteignant
1113 1458 30 16 en
1158 1454 21 20 la

645 1482 79 24 région
739 1486 44 16 une
797 1482 100 20 hauteur
911 1481 28 20 de
954 1480 25 20 20
994 1478 153 22 centimètres.
1154 1478 27 20 N.

646 1521 36 16 I'.r
696 1521 56 16 _rlitn
766 1519 101 17 trimoteur
882 1518 75 18 Sabena

646 1562 89 17 l'homme
747 1561 101 17 d'airalres
861 1565 20 13 se
896 1560 47 17 rend
957 1560 24 17 de
996 1559 97 17 Bruxolles
1108 1559 12 16 à
1132 1559 40 16 Lon-

646 1582 43 17 dres
704 1586 23 13 en
741 1583 10 15 2
766 1582 18 16 h.
799 1582 21 16 30
835 1585 31 15 m.,
881 1581 23 17 dc
920 1580 97 17 Bruxelles
1032 1580 11 16 k
1058 1580 82 18 Cologne
1158 1582 23 13 en

647 1603 7 16 1
671 1603 18 16 h.
705 1603 27 17 30.
747 1603 19 15 et
779 1601 17 17 le
813 1601 41 20 prix
869 1600 25 17 du
909 1604 72 15 voyage
996 1601 29 15 eit
1039 1600 17 16 le
1070 1599 59 17 même
1145 1601 36 17 .n.

647 1626 35 15 psr
698 1622 75 16 cbemin
790 1621 22 17 dc
831 1620 35 18 fer.
883 1619 53 19 Voilà
954 1625 20 12 co
991 1620 45 20 qa'tl
1052 1620 44 16 faut
1112 1619 70 17 savoir.

1114 1638 68 19 (D7338

646 1677 63 20 Dans
724 1677 23 20 la
760 1674 141 26 diplomatie.

91 2027 19 19 A
126 2025 24 21 la
161 2026 116 21 Chambre

104 2074 20 20 A
135 2074 24 20 U
169 2073 36 22 fin
216 2073 29 21 de
257 2073 23 21 la
290 2072 84 21 séance
384 2073 28 23 de
422 2073 70 25 jeudi,
504 2074 23 20 la
539 2074 75 21 Cham-

91 2098 40 22 bre
145 2103 16 16 a
171 2098 73 25 repris
257 2099 114 20 l'examen
387 2099 31 20 du
433 2099 86 24 budget
530 2099 41 21 des
584 2100 30 20 Af-

92 2124 71 20 faires
180 2123 139 25 étrangères.

119 2148 32 21 M.
165 2149 29 21 de
206 2148 120 21 Kerchove
341 2149 124 21 d'Exaerde
483 2154 15 16 a
515 2149 113 21 demandé

92 2178 44 20 que
152 2174 24 21 la
194 2174 106 24 question
321 2174 40 20 des
378 2174 112 21 relations
505 2175 122 21 hollando-

95 2199 74 23 belges
186 2198 38 21 fût
241 2198 75 25 réglée
334 2201 23 19 et
373 2198 164 25 spécialement
556 2204 30 17 en
603 2204 25 17 ce

93 2225 39 24 qui
146 2228 112 17 concerne
270 2225 21 19 le
303 2224 86 24 régime
402 2225 29 20 de
444 2225 106 21 l'Escaut.

118 2250 33 20 M.
163 2249 158 21 Vandervelde
335 2254 15 15 a
366 2249 115 22 demandé
497 2255 32 16 un
543 2250 84 25 régime

93 2274 29 21 de
134 2274 82 21 faveur
229 2279 59 19 pour
300 2274 21 22 le
334 2274 122 25 téléphone
470 2276 28 20 de
511 2276 24 20 la
548 2275 79 26 région

93 2298 118 22 frontière.

120 2325 31 20 M.
184 2324 112 24 Hymans.
324 2321 107 25 ministre
457 2326 40 20 des
527 2326 102 22 Affaires

94 2349 139 25 é'rangères.
250 2354 15 16 a
280 2349 104 24 répondu
398 2350 55 25 qu'il
470 2351 64 20 avait
550 2355 30 17 eu
597 2356 31 16 un

93 2374 55 25 long
158 2376 25 20 et
196 2375 87 21 cordial
294 2376 115 20 entretien
422 2380 56 16 avec
491 2376 21 21 le
524 2377 105 20 ministre

94 2399 40 21 des
149 2400 103 21 Affaires
265 2399 133 25 étrangères
413 2401 40 20 des
471 2401 119 24 Pays-Bas
606 2403 23 19 et

93 2424 66 25 qu'ils
180 2425 93 20 avalent
295 2425 79 21 décidé
396 2426 28 20 de
443 2427 133 23 poursuivre
596 2426 33 22 les

94 2450 179 21 conversations.

120 2475 36 21 Au
170 2475 63 24 sujet
247 2475 29 21 de
289 2475 152 21 l'évacuation
454 2476 29 21 de
497 2476 24 21 la
534 2477 83 21 Rhéna-

93 2500 46 22 nie,
149 2499 18 21 II
180 2505 15 15 a
209 2499 90 22 déclaré
313 2505 44 19 que
369 2501 24 20 la
407 2501 109 25 Belgique
527 2506 32 17 ne
571 2507 45 20 pou-

94 2525 50 20 vait
154 2525 118 21 consentir
283 2530 91 16 aucune
381 2527 132 20 concession
524 2527 39 25 qui
577 2533 40 19 por-

96 2550 69 20 terait
178 2550 100 21 atteinte
294 2550 14 20 à
324 2555 37 16 ses
379 2551 72 21 droits
467 2556 121 19 reconnus,
605 2554 24 20 ni

95 2579 46 17 une
151 2575 122 21 réduction
291 2576 32 20 du
336 2577 155 23 pourcentage
506 2578 41 20 des
562 2578 56 24 répa-

95 2600 95 23 rations.
205 2601 95 20 D'autre
314 2602 60 23 part,
390 2601 21 21 le
424 2601 106 22 ministre
545 2607 14 16 a
574 2604 43 20 esti-

95 2624 38 22 mé
148 2625 54 25 qu'il
217 2626 61 20 n'est
293 2630 43 19 pas
350 2626 129 22 nécessaire
493 2627 30 21 de
535 2632 82 20 repren-

96 2651 40 20 dre
148 2650 34 24 les
193 2651 111 21 relations
315 2651 121 21 officielles
449 2656 55 17 avec
515 2653 23 20 la
550 2654 81 22 Russie

96 2676 40 20 des
146 2675 92 22 soviets.

122 2701 32 20 M.
165 2701 161 24 Jacquemotte
340 2705 14 17 a
367 2702 102 24 protesté
482 2703 149 25 longuement

96 2727 80 21 contre
190 2731 26 17 ce
229 2726 52 21 fait.

96 2763 55 17 Fleli
165 2763 89 18 brûlants

673 1723 112 21 Consulat
802 1722 28 21 de
847 1720 108 25 Belgique
974 1719 15 21 à
1007 1718 91 26 Lei.i-'g
1108 1722 6 17 :

672 1749 31 20 M.
717 1747 78 24 Bodel,
812 1747 86 25 consul,
913 1751 15 16 a
944 1745 73 25 repris
1031 1743 22 24 le
1070 1743 111 22 direction

647 1774 30 21 du
694 1772 119 22 Consulat.

674 1798 141 21 Ambassade
834 1797 28 21 dc
878 1796 109 28 Belgique
1008 1794 15 22 à
1042 1794 140 21 Rio-de-Ja-

647 1824 65 21 neiro
722 1827 6 17 :
752 1824 32 20 M.
807 1823 24 20 P.
859 1822 62 24 May,
948 1820 171 22 amba."id"ur,
1148 1819 35 20 est

648 1850 88 20 absent.
750 1847 91 26 Chargé
857 1846 119 22 d'affaires
987 1851 6 15 :
1008 1851 48 15 a.-,.
1067 1851 5 14 :
1087 1845 32 20 M.
1134 1845 36 19 Du-

648 1874 54 21 bois.

676 1899 113 21 Consulat
811 1898 28 21 do
865 1897 109 25 Belgique
999 1895 15 21 à
1035 1894 147 22 ___ilo-Hori-

647 1925 67 20 zonto
725 1930 5 14 :
747 1925 31 20 M.
795 1924 21 20 J.
831 1923 78 24 Thiry,
925 1921 82 26 gérant
1020 1921 32 21 du
1065 1919 118 24 Consulat,

649 1955 13 16 a
679 1950 73 24 repris
768 1950 22 20 la
809 1949 112 21 direction
940 1948 31 20 du
988 1948 72 23 poste.

675 1975 113 21 Consulat
803 1974 28 21 dc
848 1973 108 25 Belgique
970 1971 15 21 à
1001 1971 82 21 Zwolle
1094 1975 5 16 :
1117 1970 32 20 M.
1163 1969 21 21 J.

650 2000 103 22 Warner,
766 1999 87 23 consul,
868 1999 35 21 est
920 1997 89 22 absent.
1026 1996 91 21 Gérant
1127 2000 5 16 :
1152 1995 31 21 M.

648 2026 46 20 Jan
709 2025 104 20 Warner.

675 2049 173 24 Vice-consulat
858 2049 29 21 de
898 2047 108 26 Belgique
1017 2046 14 21 à
1043 2045 139 23 Sundswall:

649 2076 32 20 M.
704 2075 30 21 Q.
754 2075 75 22 Ohm.
853 2072 149 25 vice-consul,
1026 2077 16 16 a
1064 2071 74 25 repris
1161 2070 23 21 la

649 2100 112 21 direction
777 2100 30 20 du
821 2097 175 22 vice-consulat.

675 2126 113 20 Consulat
802 2124 92 25 général
909 2125 28 19 de
951 2122 108 25 Belgique
1072 2121 15 21 à
1100 2121 83 20 Tunis:

650 2151 30 20 M.
693 2151 81 23 Boeye.
788 2150 80 20 consul
881 2148 100 25 général,
995 2153 14 16 a
1024 2147 73 25 repris
1111 2146 23 21 la
1149 2147 23 20 di-

650 2176 87 21 rection
752 2175 31 21 du
800 2174 106 21 consulat
923 2173 100 25 général.

676 2201 112 20 Consulat
810 2200 28 21 de
860 2199 109 24 Belgique
989 2197 16 21 à
1025 2197 142 24 Andiinople
1178 2201 5 15 :

651 2227 30 20 M.
691 2227 26 19 A.
728 2225 101 22 Badettl.
839 2224 87 22 consul,
936 2224 35 21 est
984 2223 88 21 absent.
1083 2222 100 21 Gérant:

650 2252 31 20 M.
699 2251 24 20 Z.
741 2251 135 21 Francesco.
891 2248 142 22 vice-consul
1049 2247 97 21 d'Italie.

676 2276 110 21 Légation
803 2276 30 20 de
855 2274 110 25 Belgique
985 2273 15 21 à
1021 2271 147 23 Montevideo
1178 2276 5 16 :

650 2302 32 20 M.
698 2301 88 21 Ketels.
804 2300 113 22 ministre,
935 2304 14 15 a
968 2297 75 26 quitté
1061 2297 124 22 Bruxelles,

651 2331 57 20 pour
723 2326 116 24 rejoindre
854 2329 43 17 son
913 2325 72 24 poste.
1000 2334 27 5 —
1041 2323 78 24 Belga.

651 2365 103 19 Taverne
773 2364 28 20 de
817 2364 20 19 la
854 2363 67 20 Seala

1223 924 130 21 Dimanche
1382 922 143 26 après-midi,
1551 923 29 20 de
1607 921 127 20 nombreux

1197 952 102 22 parents,
1314 950 41 20 des
1371 949 59 20 amis
1448 948 29 21 de
1495 947 114 21 l'enfance
1627 949 23 18 et
1667 946 55 20 d'an-

1197 975 63 20 ciens
1280 974 74 21 élèves
1372 975 42 19 ont
1434 973 82 21 assisté
1536 972 15 21 à
1573 973 23 20 la
1615 971 120 21 deuxième

1198 1000 47 21 fête
1257 1000 28 21 de
1298 999 179 22 Saint-Nicolas,
1488 997 90 21 donnée
1592 1002 42 19 par
1649 997 32 19 les
1693 1001 30 15 en-

1200 1026 64 20 fants
1276 1025 31 20 du
1320 1025 77 24 Jardin
1410 1023 26 21 24
1450 1025 23 19 et
1486 1023 40 21 des
1539 1022 74 21 écoles
1626 1022 26 20 38
1668 1022 23 20 et
1704 1021 32 21 39.

1225 1050 72 24 Après
1315 1051 68 23 qu'on
1400 1051 40 19 eut
1457 1049 103 20 entendu
1577 1048 41 20 des
1636 1047 100 20 chœurs,

1198 1077 63 19 saint
1286 1075 92 21 Nicolas
1402 1075 23 20 et
1446 1078 44 17 «on
1515 1073 128 24 drolatique
1677 1072 59 24 petit

1200 1101 68 24 iiègre
1282 1103 41 18 ont
1336 1099 111 22 distribué
1459 1100 29 19 dc
1499 1098 149 21 nombreuses
1660 1097 68 20 frian

1200 1127 60 20 dises
1276 1127 23 20 et
1316 1125 40 21 des
1372 1126 76 23 jouets
1466 1128 45 16 aux
1526 1123 103 22 enfants.

1200 1157 108 21 Nouvelle
1323 1157 61 24 ligne
1400 1156 98 20 vicinale

1226 1204 214 21 L'administration
1460 1203 146 21 communale
1624 1202 101 21 d'Ander

1201 1231 62 21 lecht
1276 1235 59 15 nous
1348 1229 45 22 fait
1405 1229 76 21 savoir
1495 1233 44 20 que
1554 1228 24 21 la
1590 1228 106 20 nouvelle
1708 1228 17 20 li

1201 1260 44 19 gne
1268 1255 98 20 vicinale
1388 1254 28 21 de
1439 1254 112 24 tramway
1572 1252 85 21 reliant
1678 1254 47 19 Bru

1201 1281 70 21 xelles
1284 1281 74 24 (place
1370 1281 106 23 Rouppe)
1490 1279 15 20 â
1514 1279 23 20 la
1548 1283 122 16 commune
1680 1278 44 20 dit

1202 1306 92 21 terbeek
1318 1310 29 16 en
1366 1306 98 24 passant
1481 1309 42 19 par
1541 1304 23 20 la
1581 1303 111 21 chaussée
1710 1304 28 20 de

1202 1332 74 21 Mons.
1292 1331 23 20 la
1331 1335 41 16 rue
1389 1330 28 20 de
1435 1329 22 21 la
1476 1329 152 23 Démocratie,
1644 1329 21 20 le
1681 1329 58 19 Parc

1202 1358 23 19 et
1245 1356 103 21 l'avenue
1370 1354 145 23 d'Itterbeek,
1539 1358 52 16 sera
1613 1353 125 24 inaugurée

1203 1381 99 22 demain.

1229 1407 30 20 Le
1274 1406 99 25 premior
1390 1404 82 26 départ
1488 1404 88 22 officiel
1592 1409 57 16 aura
1665 1404 45 21 lieu
1725 1404 14 20 à

1205 1432 24 20 10
1246 1431 23 21 h.
1287 1432 26 20 30
1329 1431 15 21 à
1359 1431 22 20 la
1398 1431 64 24 place
1480 1431 103 24 Rouppe.
1601 1429 125 24 L'exploita-

1204 1457 49 21 tion
1273 1457 29 21 de
1322 1456 23 21 la
1364 1456 60 24 ligne
1444 1455 78 21 suivra
1541 1455 199 20 immédiatement

1205 1481 74 25 après.

1206 1520 86 21 Divers.
1355 1533 38 7 __

1224 1567 26 17 M.
1268 1567 85 18 Cnudde,
1368 1562 103 21 secrétaire
1489 1566 76 20 général
1581 1566 23 17 de
1621 1565 20 17 la
1658 1565 70 17 Fédéra-

1205 1588 40 14 tion
1266 1587 34 17 des
1320 1587 126 17 lnatltute-Ta
1470 1587 62 20 belges
1553 1590 30 13 ira
1606 1586 133 17 conférencier

1202 1608 49 17 dons
1269 1607 17 18 le
1306 1608 130 20 Luxembourg
1458 1611 5 13 :
1481 1607 106 17 L>:mr.nche
1608 1606 100 20 prochain,
1728 1611 12 12 n

1203 1628 74 18 Vlrton:
1295 1627 52 21 Jeudi
1363 1629 22 16 27
1399 1630 88 16 courant,
1503 1640 11 4 _
1530 1628 65 18 Arlon,
1613 1627 42 20 puis
1669 1640 11 4 -
1697 1628 33 15 Flo-

1203 1648 84 17 renviUe.
1292 1650 38 17 >JJc
1348 1649 104 16 nombreux
1470 1648 123 17 Instituteurs
1608 1648 83 17 officiels
1709 1652 31 12 as-

1204 1670 92 16 slste.'ont
1307 1668 12 18 à
1331 1672 31 14 ces
1375 1669 97 17 réunions.

1224 1695 132 20 Crolx-nouge
1372 1696 23 17 de
1409 1696 96 19 Tlelglque.
1521 1702 23 6 —
1559 1694 118 18 Conférence
1693 1695 37 16 don-

1204 1716 34 17 née
1252 1719 35 17 par
1304 1717 25 16 M.
1346 1716 33 17 Ed.
1395 1717 101 17 Dronsart,
1510 1715 103 17 dimanche
1628 1716 22 16 23
1666 1714 64 18 décem-

1204 1737 39 19 bre,
1256 1737 12 16 k
1281 1736 20 17 10
1315 1736 19 18 h.
1348 1737 27 18 30,
1387 1740 34 13 rue
1434 1735 88 22 Léopold,
1537 1750 11 2 _
1561 1736 103 17 Bruxelles.
1676 1735 63 20 Sujet:

1203 1757 26 16 La
1244 1756 60 18 vérité
1318 1760 32 14 sur
1366 1756 27 19 les
1404 1757 132 17 Inondations.

1226 1788 10 10 ..
1249 1783 34 16 Las
1296 1783 51 17 Amis
1361 1783 25 17 du
1398 1783 69 17 Plaisir
1479 1788 9 10 »
1500 1783 23 17 de
1535 1782 206 19 St-Josse-ten-Noode

1205 1804 84 16 fêteront
1300 1804 102 17 dimanche
1412 1804 27 18 23,
1452 1804 16 17 le
1481 1805 32 15 40c
1524 1803 132 17 anniversaire
1667 1803 23 17 de
1701 1803 40 16 leur

1205 1823 108 19 rondatlon.
1327 1825 50 16 ainsi
1392 1828 35 16 que
1441 1823 17 18 ie
1470 1825 32 16 40e
1516 1824 132 17 anniversaire
1661 1824 24 16 do
1698 1823 33 20 pré-

1204 1844 76 17 sidence
1296 1845 23 16 de
1332 1845 26 16 M.
1372 1844 88 17 Joachim
1474 1845 42 16 Van
1531 1844 37 17 den
1584 1844 100 21 Abbeelen,
1698 1847 43 16 pro-

1204 1865 189 17 moteur-fondBteur
1411 1865 26 16 du
1455 1865 66 16 cercle.

1225 1891 75 17 Musées
1318 1891 25 17 du
1365 1891 170 20 Cinquantenaire.
1556 1891 75 17 Service
1649 1890 92 18 éducatif.

1205 1920 21 3 —
1241 1911 106 17 Dimanche
1362 1912 21 17 23
1402 1912 104 17 décembre,
1525 1912 10 16 ft
1556 1912 19 17 10
1593 1912 19 16 h.
1627 1911 28 19 30,
1672 1912 26 16 M.
1716 1912 26 16 M.

1204 1932 119 21 Stracmans,
1341 1932 114 17 conférence
1473 1936 4 13 :
1496 1933 25 16 Le
1538 1932 49 20 stylo
1606 1932 72 17 animal
1694 1932 49 16 dans

1205 1953 45 16 l'art
1265 1953 24 16 de
1301 1952 108 17 l'ancienne
1422 1953 77 19 Egypte.

1227 1978 159 17 L'Avant-tiarde
1398 1979 106 16 Wallonne.
1517 1986 23 6 —
1553 1979 107 17 Dimanche
1674 1979 21 17 23
1710 1979 23 16 dé-

1205 1999 81 19 cembre,
1298 1999 11 16 k
1321 2000 10 16 t
1343 2000 25 18 h.,
1382 1999 11 16 k
1406 1999 19 17 la
1437 2000 76 16 Maison
1525 1999 106 19 Wallonne,
1644 2010 16 7 _,
1673 2003 34 13 rue
1720 2000 23 16 de

1205 2019 19 17 la
1241 2019 46 17 Tête
1307 2020 53 18 d'Or,
1379 2020 26 16 M.
1423 2020 63 17 Julien
1504 2019 88 18 Flament
1613 2020 76 20 parlera
1710 2020 33 17 des

1232 2040 59 16 Vieux
1306 2040 54 17 Noéli
1375 2040 24 17 de
1411 2040 92 17 Wallonie
1520 2046 14 11 ».
1549 2040 70 18 Entrée
1634 2040 53 17 libre.

1226 2065 179 17 L'administration
1423 2068 120 16 communale
1560 2067 135 17 d'Anderlecht
1713 2068 21 16 cé-

1206 2086 74 17 lébrera
1295 2090 25 13 au
1336 2089 62 15 moins
1413 2087 24 17 de
1454 2089 39 15 mal
1514 2088 41 16 1029
1571 2087 17 17 le
1604 2087 31 17 SCe
1653 2089 80 16 anniver-

1205 2107 51 17 saire
1279 2107 24 17 de
1321 2107 151 20 l'Inauguration
1491 2108 24 16 de
1538 2108 69 17 l'HOtel
1628 2109 116 16 communal,

1206 2128 50 15 ainsi
1275 2131 36 15 cjue
1327 2128 17 16 le
1362 2128 33 16 t.e
1413 2129 132 16 anniversaire
1564 2129 23 16 tie
1606 2129 138 19 magistrature

1205 2148 120 17 communale
1341 2148 23 18 Se
1380 2149 46 16 MM.
1444 2149 27 16 les
1485 2149 90 17 éch-vir.s
1589 2149 119 17 .!e]__mans
1725 2153 19 13 et

1206 2168 27 16 De
1246 2169 114 16 Meersman.
1372 2170 15 15 A
1397 2169 51 17 cette
1458 2170 96 17 occasion,
1565 2170 24 16 de
1601 2170 83 19 grandes
1695 2169 50 17 fétes

1206 2189 44 15 sont
1261 2188 102 19 projetées,
1376 2190 121 17 notamment
1510 2193 25 13 un
1549 2192 76 17 cortège
1638 2190 33 16 des
1684 2190 60 16 fleurs

1207 2211 45 14 avec
1265 2208 18 17 le
1297 2212 92 15 concours
1404 2210 33 17 Ces
1450 2211 79 16 enfants
1542 2211 33 16 des
1589 2210 67 17 écoles.
1704 2211 40 16 Cm.

678 2412 200 20 Prochainement,
894 2411 129 20 ouverture.
1041 2409 41 21 Ses
1098 2407 78 25 spécia-

653 2438 57 20 lités.
727 2438 48 20 Son
790 2436 78 22 buffet
883 2436 69 21 froid.
1069 2433 118 22 IDH19100

653 2477 37 20 Urt
707 2476 97 24 barrage
821 2475 14 20 à
852 2475 91 20 Esneux

679 2524 20 21 II
717 2524 86 21 résulte
818 2523 68 21 d'une
903 2521 143 22 déclaration
1063 2525 44 20 que
1124 2519 62 21 vient

653 2550 29 20 de
695 2550 60 20 faire
766 2550 32 19 M.
811 2549 21 21 le
845 2547 106 22 ministre
967 2547 40 20 des
1020 2547 108 20 Travaux
1142 2545 33 20 Pu-

653 2575 63 23 blics,
733 2575 83 24 qu'une
832 2572 143 26 proposition
993 2576 15 15 a
1026 2570 37 21 été
1082 2570 58 21 faite
1159 2573 29 17 en

656 2601 49 19 1923
731 2604 42 20 par
797 2603 46 17 une
866 2597 85 21 société
975 2595 135 23 financière,
1131 2599 54 20 pou.

654 2624 192 25 l'aménagement
868 2624 68 20 d'une
970 2622 70 21 chute
1061 2621 66 20 d'eau
1150 2624 39 16 sur

654 2651 111 23 l'Ourthe,
779 2663 14 7 _.
806 2650 98 20 Esncux.
915 2647 60 21 mais
988 2647 128 24 qu'aucune
1129 2645 60 20 suite

654 2676 38 20 n'a
711 2680 82 16 encore
812 2674 37 21 été
868 2673 90 21 donnée
975 2672 15 22 à
1007 2672 61 20 cette
1084 2675 92 21 proposi-

655 2701 57 21 tion.
727 2711 26 5 —
768 2701 29 19 X.

655 2732 87 21 Soirées
755 2731 123 22 littéraires
894 2731 23 20 et
931 2728 121 23 musicales

96 2808 20 15 et
128 2807 63 16 toutes
203 2806 51 17 leurs
268 2807 66 17 autres
349 2807 104 18 affections
465 2808 87 20 soulagés
565 2813 36 16 par
614 2810 19 17 le

96 2825 83 19 système
195 2827 25 15 du
237 2827 28 16 Dr
281 2827 69 16 Scholl.
369 2828 145 17 Consultations
531 2830 102 18 gratuites.

96 2845 28 18 43.
135 2846 36 17 rtie
184 2846 63 17 Neuve
260 2850 24 12 ou
298 2847 46 16 ches
359 2847 22 16 D.
388 2848 57 18 Iicre.
461 2849 95 16 Courienb.
563 2853 27 14 re.
605 2850 27 17 SI.

96 2866 61 17 Brux.»
165 2866 72 19 Dépôts
247 2866 49 17 dans
306 2868 9 16 t
315 2869 9 9 1
336 2867 28 17 les
376 2868 53 17 villes
439 2868 23 17 de
472 2868 160 20 BelgiqueiH2077

98 2899 32 20 La
143 2898 177 22 manifestation
334 2901 156 19 estudiantine

122 2946 67 21 Dans
201 2945 177 22 rénumération
392 2948 41 20 des
445 2949 85 20 cercles
542 2950 39 23 qui
592 2951 41 20 ont

98 2971 119 25 participé,
237 2970 71 24 jeudi,
324 2971 15 21 à
358 2972 23 20 la
396 2973 178 21 manifestation
590 2980 31 15 na-

99 2995 88 21 tionale
213 2996 170 21 estudiantine»
391 2999 81 20 contre
493 2998 140 25 l'activisme,

99 3025 59 17 nous
172 3025 71 17 avons
257 3022 57 20 omis
328 3022 30 21 de
368 3023 151 21 mentionner
534 3025 24 20 la
572 3025 50 21 délé-

100 3046 79 24 gation
200 3045 48 22 trè»
269 3047 136 21 nombreuse
426 3048 29 21 de
477 3048 158 23 l'Association

100 3071 106 25 générale
220 3072 29 22 de
264 3072 145 21 l'Université
424 3074 56 21 libre
495 3075 28 21 de
539 3075 84 22 Bruxel-

100 3097 41 20 les.
150 3102 5 19 ;

127 3122 62 22 C'est
197 3127 56 17 -une
272 3123 110 21 omission
400 3124 54 25 qu'il
472 3125 108 22 convient
607 3127 29 21 de

99 3146 101 26 réparer.

100 3185 37 19 Qui
156 3186 63 16 mieux
238 3190 36 15 Qua
290 3186 75 19 Phryné

100 3227 80 17 connaît
198 3227 46 18 l'art
267 3228 24 17 de
310 3228 19 17 la
349 3229 55 16 mode
444 3229 25 18 Le
491 3231 52 19 geste
563 3232 32 18 qui
617 3231 19 17 la

101 3247 106 17 déshabilla
221 3248 52 20 Jadis
288 3248 70 18 devant
376 3253 30 13 ses
421 3250 54 19 Juges
490 3251 30 16 fut
537 3255 48 16 pour
602 3252 34 16 elie

102 3268 18 16 la
142 3267 105 17 révélation
264 3269 24 16 dc
305 3272 21 13 ce
347 3273 36 15 que
404 3272 45 17 peut
469 3270 19 17 la
507 3271 68 16 beauté
596 3274 19 14 et
624 3284 11 4 ..

102 3287 5 16 1
115 3287 89 20 é'.éasnee
222 3292 32 13 sur
273 3288 73 21 l'esprit
365 3290 101 18 masculin,
487 3292 19 15 et
525 3294 47 16 pour
593 3292 45 16 unir

101 3309 51 16 cette
169 3309 62 16 vision
246 3309 51 16 d'art
313 3313 26 12 au
358 3310 45 18 goût
419 3310 97 19 moderne,
531 3310 36 17 elle
585 3313 52 15 avait

102 3331 25 13 en
145 3327 52 21 plein
216 3328 56 17 Parts
292 3329 18 16 le
331 3329 56 17 salon
404 3329 24 17 de
445 3330 64 17 Haute
529 3331 56 16 Mode
606 3332 32 19 qui

102 3349 55 18 porte
173 3351 35 14 son
227 3351 44 13 nom
290 3349 25 18 'S.
332 3349 103 17 boulevard
451 3350 34 16 dea
503 3350 100 18 Itallensl.

124 3368 85 16 Femmes
225 3368 23 17 de
266 3368 95 20 Belgique,
377 3369 75 20 Phryné
468 3373 24 13 ne
509 3373 46 14 vous
574 3375 11 12 a
604 3375 34 16 pas

103 3388 88 17 oubliées.
209 3388 71 19 Depuis
297 3389 17 16 le
335 3389 20 16 19
375 3388 105 19 décembre,
499 3393 27 13 un
544 3390 54 17 salon
616 3392 23 15 de

103 3408 63 17 Haute
187 3408 56 17 Mode
262 3410 28 15 est
311 3411 67 14 ouvert
398 3413 35 15 par
455 3410 82 19 Phryné,
557 3414 34 13 rue
613 3411 25 17 du

103 3427 115 19 Pont-Neuf.
238 3429 29 17 «9.
283 3429 13 17 à
313 3429 103 17 BruxeUes.
433 3429 77 20 Phryné
529 3433 46 14 vous
593 3431 35 16 cha-

104 3450 92 17 peautera
209 3451 73 14 comme
296 3448 34 17 elle
346 3449 107 20 chapeaute
469 3449 27 18 les
512 3450 126 18 Parisienne*.

556 3470 83 19 H2.1S/2

104 3494 62 21 Pour
178 3494 30 21 le*
213 3495 67 24 pacte
296 3495 97 24 Kellogg

130 3541 161 25 Washington,
303 3542 25 20 21
344 3542 126 21 décembre.
484 3553 27 5 —
527 3543 30 21 Le
572 3545 67 24 pacte

105 3566 97 24 Kellogg
220 3568 24 19 et
261 3567 22 20 le
299 3567 76 24 projet
391 3567 30 21 de
436 3568 157 21 construction
611 3570 29 20 de

105 3591 112 21 croiseurs
232 3591 121 21 rivalisant
371 3597 58 18 pour
445 3593 82 21 attirer
547 3594 80 20 l'atten-

106 3617 49 19 tion
164 3616 34 22 Hu
211 3616 79 24 Sénat,
301 3621 32 17 on
347 3622 14 16 a
373 3617 79 21 décidé
464 3618 51 21 hier
524 3619 29 20 de
565 3624 62 15 consi-

106 3641 67 22 dérer
201 3646 47 16 une
267 3657 3 3 .
277 3642 66 21 autre
373 3642 143 25 proposition
545 3644 97 20 aussitôt

106 3670 69 20 après
211 3666 33 22 les
260 3671 113 17 vacances
391 3668 28 21 de
435 3667 63 24 Noël,
516 3668 89 25 lorsque
620 3669 21 21 le

106 3692 77 24 projet
197 3691 70 21 naval
282 3697 54 17 sera
351 3692 69 21 traité
436 3697 30 18 en
481 3694 99 23 premier
596 3694 45 21 Ueu

106 3716 89 25 chaque
207 3717 58 24 jour.

132 3742 32 21 Le
173 3741 110 22 sénateur
295 3743 78 20 Borah
385 3747 14 16 a
413 3742 138 23 néanmoins
563 3744 78 21 assuré

107 3770 44 21 que
162 3767 33 21 les
206 3765 127 23 adhérents
345 3772 30 16 au
388 3769 67 23 pacte
468 3768 96 25 Kellogg
576 3769 53 21 n'hé-

106 3792 122 21 siteraient
239 3797 50 19 pas.
298 3793 35 20 s'il
345 3793 63 20 avait
420 3792 23 21 la
456 3794 108 23 majorité
576 3794 67 24 après

107 3817 34 20 les
152 3821 119 18 vacances,
285 3818 28 21 de
324 3818 128 21 demander
465 3818 21 20 le
496 3819 52 20 vote
561 3824 29 16 en
605 3820 25 19 fa-

107 3845 57 17 veur
176 3842 32 21 du
221 3844 68 23 pacte
302 3844 73 19 avant
387 3843 22 20 le
421 3843 75 24 projet
510 3844 76 20 naval.
598 3844 26 21 F.

107 3878 26 18 Le
150 3879 65 17 rabais
231 3880 24 17 do
269 3881 22 15 20
307 3881 19 16 %

681 2781 19 19 A
719 2779 79 21 l'hôtel
815 2777 134 22 communal
967 2777 29 21 de
1013 2774 145 23 Schaerbeek
1175 2779 15 16 a

654 2810 29 16 eu
701 2805 52 22 lieu,
769 2804 51 21 hier
838 2803 54 21 soir,
909 2803 24 20 la
951 2802 85 22 séanoe
1052 2800 137 24 inaugurale

655 2831 31 20 du
702 2830 62 20 cvcle
780 2829 86 20 annuel
880 2829 30 20 de
926 2827 85 21 soirées
1027 2826 125 21 littéraires
1167 2826 24 19 et

656 2855 120 21 musicales
790 2853 131 26 organisées
932 2857 30 16 au
975 2851 74 25 profit
1060 2852 32 20 du
1107 2851 71 20 Patro-

656 2885 59 19 nage
737 2880 86 24 Laïque
847 2879 31 20 du
899 2878 152 25 groupement
1073 2879 104 21 post-sco-

656 2906 62 20 laire.

682 2930 67 21 Cette
765 2928 112 26 première
893 2927 84 22 séance
995 2926 59 22 était
1068 2930 122 17 consacrée

656 2970 15 6 _.
686 2956 25 20 la
725 2955 104 25 musique
845 2956 27 19 et
889 2954 23 20 la
928 2952 130 22 littérature
1077 2951 101 21 alleman-

656 2982 45 20 des.
721 2981 51 20 Une
790 2980 127 21 assistance
939 2977 48 21 très
1005 2977 138 21 nombreuse
1161 2977 29 20 fit

657 3011 31 16 un
704 3005 86 21 accueil
808 3006 41 20 des
865 3005 53 24 plus
935 3004 99 20 flatteur
1050 3006 46 17 aux
1115 3001 64 21 talen-

657 3035 70 17 tueux
743 3029 145 26 Interprètes,
902 3029 56 21 Mlle
974 3028 85 21 Odette
1073 3027 118 21 Souwcinc

657 3058 23 19 et
696 3057 32 20 M.
744 3056 88 21 Marcel
845 3054 101 21 Antoine
961 3058 59 20 pour
1034 3053 24 20 la
1074 3051 105 22 déclama-

658 3082 49 20 tion
724 3082 24 24 çt
761 3086 31 16 au
807 3081 99 24 quatuor
922 3079 99 21 féminin
1036 3077 156 25 Buysse-Rol-

658 3106 33 21 lln
707 3111 58 19 pour
781 3106 23 21 la
821 3105 75 25 partie
910 3104 118 21 musicale.

683 3132 58 21 MM.
764 3131 54 21 Gits
841 3132 23 20 et
886 3129 88 21 Williot
996 3127 150 23 entourèrent
1165 3127 27 21 de

657 3157 108 24 quelques
786 3155 179 21 commentaires
984 3154 34 21 les
1037 3153 98 22 extraits
1155 3153 39 24 qui

660 3183 79 20 furent
755 3180 145 26 Interprétés.

661 3221 42 19 Les
728 3225 66 19 gares
820 3217 193 22 internationales

2398 654 30 15 V»
2445 653 121 17 ■ervetneox

2399 676 19 13 ct
2433 673 23 15 de
2474 673 77 19 passion

2352 736 57 45 Rod

2354 796 37 45 La
2408 795 113 56 Rocque

2587 658 67 12 roEiit_
2673 654 74 15 dimoc

2386 942 107 103 V^>

2488 868 127 115 tp

2440 1105 30 16 Vn
2485 1105 143 16 doeD.men.aire
2643 1103 70 21 unique
2727 1107 6 13 :

2355 1140 56 38 AU
2427 1139 103 38 PAYS
2547 1139 73 37 DES
2638 1129 182 47 PYGMÉES

1379 2270 127 30 ENCORE
1522 2271 41 27 UN
1577 2272 7 27 !

1237 2332 85 23 Berlin,
1341 2332 27 20 20
1388 2332 126 22 décembre.
1531 2343 27 5 —
1577 2333 34 21 La
1629 2333 58 22 série
1707 2334 40 21 des

1210 2358 86 23 grands
1310 2358 117 21 incendies
1444 2359 109 20 continue
1567 2358 15 21 à
1597 2359 85 21 Berlin.
1699 2360 35 20 Au-

1210 2383 124 24 jourd'hui,
1350 2384 30 21 de
1397 2388 113 17 nouveau,
1528 2389 32 16 un
1578 2384 124 21 Immeuble
1719 2386 28 20 de

1211 2408 53 25 cinq
1281 2408 84 24 étages,
1381 2408 84 25 occupé
1483 2414 43 19 par
1543 2414 45 16 une
1607 2409 112 25 fabrique,
1735 2415 12 15 a

1211 2433 35 21 ér_
1263 2432 178 24 complètement
1457 2434 88 21 détruit
1558 2435 61 20 dans
1635 2440 31 15 un
1678 2440 58 20 quar-

1213 2459 42 20 tier
1271 2459 31 20 du
1314 2459 60 21 nord
1388 2459 29 21 de
1433 2460 23 20 la
1470 2459 60 21 vilic.
1546 2469 25 6 —
1585 2460 22 20 H
1608 2464 62 17 avas.

1256 2508 81 39 LE
1355 2507 359 42 MONITEUR

1389 2561 26 17 du
1432 2561 20 16 01
1469 2561 104 18 décembre.

1336 2606 114 17 AFFAIRES
1466 2606 156 19 ETRANGERES

1233 2633 32 17 Est
1283 2633 74 20 publiée
1371 2633 19 17 la
1407 2634 25 16 loi
1447 2635 121 18 approuvant
1583 2634 82 17 l'accord
1683 2635 63 17 relatil

1212 2657 37 13 aux
1265 2653 123 17 travailleurs
1403 2654 112 18 lron_el:ers
1530 2657 19 14 et
1564 2656 125 18 saisonniers,
1703 2658 36 14 con-

1212 2674 31 16 clu
1262 2674 18 15 le
1296 2674 10 16 A
1325 2674 63 19 Juillet
1409 2674 47 19 1908.
1474 2676 54 16 entre
1547 2674 19 17 la
1585 2675 90 19 Belgique
1695 2678 19 14 et
1730 2675 16 17 la

1213 2694 78 17 France.

1427 2713 98 18 JUSTICE

1234 2739 96 17 Notariat.
1347 2749 22 4 —
1383 2741 26 16 M.
1427 2741 17 16 J.
1460 2742 99 16 T-ouUens
1577 2743 28 15 est
1621 2742 75 16 nommé
1714 2745 26 13 no-

1213 2761 50 16 taire
1276 2760 12 17 i
1301 2760 188 18 Strombeek-Berer.

685 3269 32 19 La
734 3267 157 21 construction
908 3265 15 21 à
941 3263 253 26 Borgerhout-lez-An-

660 3298 58 17 vers.
733 3293 68 21 d'une
819 3296 54 20 gare
891 3290 181 21 internationale
1090 3294 16 16 a
1124 3293 71 19 voya-

653 3322 81 21 -geurs,
755 3322 54 16 sera
832 3315 107 23 entamée
964 3320 31 17 en
1020 3315 57 20 1929.
1100 3314 95 20 D'autre

661 3345 53 23 part
739 3343 23 21 la
780 3343 57 20 mise
856 3347 30 15 en
903 3341 95 21 marche
1016 3340 55 21 d'un
1089 3343 107 17 nouveau

661 3369 62 20 train
739 3368 80 24 rapide
835 3366 165 22 Paris-Berlin,
1015 3365 39 20 via
1070 3363 127 22 Charleroi.

661 3399 15 16 a
698 3394 45 20 fait
765 3393 110 21 remettre
896 3392 15 20 it
934 3391 84 21 l'étude
1042 3390 23 21 la
1091 3389 105 25 question

661 3419 28 21 de
705 3419 132 21 l'annexion
853 3418 69 20 d'une
936 3417 65 20 halte
1015 3414 182 22 Internationale

662 3444 15 20 à
693 3444 23 20 la
731 3448 55 20 gare
801 3444 28 20 de
844 3441 189 22 Charleroi-Sud.
1046 3451 27 5 —
1088 3440 30 22 X.

662 3480 42 20 Les
725 3479 97 24 chèques
840 3482 56 16 sans
914 3476 115 26 provision

108 3921 93 20 Appliqué
216 3925 33 14 sur
267 3925 35 14 nos
317 3923 111 17 existences,
444 3924 95 16 constitue
554 3923 24 17 de
595 3923 39 17 véri-

108 3941 63 22 table^
187 3945 99 14 occasions
306 3946 5 13 :
328 3943 104 16 Pardessus
451 3943 79 19 d'hiver.
546 3944 99 16 Costume*

109 3961 78 19 Veston,
203 3965 60 16 coupe
280 3962 90 17 moderne
387 3965 19 14 el
426 3962 113 20 distinguée,
556 3964 49 16 tissu
622 3964 24 16 de

108 3980 53 18 laine
180 3982 114 19 nouveauté,
314 3982 32 17 330
369 3983 29 17 Pr.
419 3986 47 16 pour
489 3984 37 15 280.
549 3984 96 16 Peiu_»Ion

109 4001 24 17 da
146 4000 50 21 Tille,
209 4002 31 16 120
253 4002 30 16 Pr.
295 4005 47 17 pour
354 4003 27 16 98.
393 4003 87 16 Chemise
494 4003 76 20 oéphyr.
582 4003 20 16 43
614 4004 30 15 Fr.

110 4024 48 17 pour
169 4021 27 17 36.
210 4021 91 20 Chapeau
313 4023 24 19 de
349 4022 62 17 feutre
424 4022 44 20 poil.
483 4023 31 16 140
520 4023 37 17 'Fr.
570 4027 23 16 pr
608 4023 37 16 112.

183 4048 124 17 MAGASINS
322 4048 66 17 WEST
403 4049 48 16 END
468 4049 102 17 TAILORS

184 4074 27 19 10,
228 4078 34 13 rue
279 4075 183 19 F-s.é-aux-Loups.
480 4075 97 17 Bruxelles
599 4075 45 18 {1131

112 4107 34 21 Au
161 4107 91 20 Conseil
265 4107 106 21 national
388 4108 31 20 du
436 4108 62 24 parti
514 4107 79 22 libéral

136 4154 39 21 Un
206 4154 161 25 communiqué
382 4155 32 22 du
432 4155 92 20 Conseil
541 4155 105 21 national

111 4178 81 22 libéral
209 4179 90 25 signale
315 4184 45 20 que
377 4180 125 20 dimanche
534 4180 112 25 prochain

112 4208 46 18 une
163 4204 108 21 "réunion
287 4209 58 16 aura
359 4205 45 20 Ueu
419 4205 15 20 à
451 4205 78 22 Gand,
544 4210 31 16 au
588 4205 58 21 local

110 4230 31 21 de
166 4230 25 21 la
220 4230 93 20 Maison
345 4229 102 23 libérale.
475 4230 96 21 Marché
601 4235 46 16 aux

112 4253 93 24 Grains,
219 4259 54 17 sous
288 4254 23 21 la
325 4254 133 25 présidence
474 4255 28 21 de
514 4255 32 21 M.
561 4255 74 21 Rodol-

112 4279 47 25 phe
171 4278 35 22 De
219 4279 109 24 Saegher.
340 4279 101 22 membre
454 4280 29 21 de
496 4280 23 21 la
533 4280 116 22 Chambre

111 4305 41 21 des
163 4304 181 26 représentants.

137 4329 50 22 EUe
198 4334 59 17 aura
271 4334 58 20 pour
342 4330 41 21 but
399 4331 27 21 dc
441 4330 134 23 constituer,
589 4330 59 21 dans

113 4355 23 21 la
151 4354 102 22 Biandre
269 4355 120 23 orientale,
403 4360 45 16 une
465 4355 137 21 Fédération
620 4355 29 21 de

112 4379 132 22 conseillers
282 4384 164 17 communaux,
476 4385 89 16 comme
583 4381 17 19 11
619 4384 29 17 en

112 4405 72 21 existe
197 4404 54 24 déjà
266 4405 60 21 dans
340 4405 21 20 le
375 4405 166 24 Luxembourg,
553 4406 21 21 le
589 4406 46 20 Bra-

113 4429 64 23 bant.
186 4430 22 20 la
221 4429 101 22 Flandre
333 4430 142 22 occidentale
485 4432 23 20 et
520 4431 22 21 la
554 4431 82 24 provin-

112 4459 26 16 ce
150 4455 30 20 d*
192 4454 75 25 Liège.

689 3527 33 20 La
736 3526 142 26 proposition
895 3526 28 20 de
939 3524 31 21 loi
986 3525 28 20 de
1029 3525 32 20 M.
1078 3523 26 21 A.
1120 3523 65 24 Huys-

663 3556 73 19 mans,
760 3551 99 22 tendant
881 3550 15 21 à
918 3550 112 24 réprimer
1050 3549 147 25 pénalement

663 3577 122 21 l'émission
802 3576 29 21 de
848 3575 99 25 chèques
963 3579 56 16 sans
1035 3574 123 25 provision,
1175 3576 23 18 et

663 3602 38 25 qui
714 3602 63 20 avait
789 3601 37 21 été
841 3601 97 25 adoptée
952 3605 43 20 par
1008 3599 22 22 le
1042 3599 80 24 Sénat,
1134 3599 63 20 vient

664 3627 71 21 d'être
749 3625 128 27 approuvée
892 3625 132 25 également
1035 3629 44 20 par
1091 3624 23 21 la
1129 3625 57 20 Com-

664 3652 95 22 mission
780 3652 28 21 de
831 3652 22 20 la
876 3651 117 21 Chambre
1013 3651 40 24 qui
1076 3649 64 21 avait
1162 3649 37 21 été

664 3677 98 24 chargée
778 3677 29 20 de
825 3676 139 21 l'examiner.

691 3703 67 20 Cetto
780 3702 143 25 proposition
943 3700 90 25 prévolt
1052 3699 82 26 quatre
1154 3699 34 25 hy-

666 3727 106 24 pothèses
795 3732 6 16 :
824 3728 28 19 1.)
874 3726 57 22 celle
951 3726 29 21 de
1001 3725 123 21 l'émission
1145 3729 55 16 sans

666 3752 115 24 provision
800 3752 127 21 suffisante
943 3750 117 26 préalable
1078 3751 25 20 ct
1122 3750 66 24 dispo-

666 3777 70 23 nible:
757 3777 29 20 2.)
805 3777 56 21 celle
877 3777 29 20 de
923 3776 24 21 la
964 3776 96 23 cession,
1076 3775 22 21 le
1114 3775 85 21 cédant

666 3803 98 20 sachant
780 3806 44 21 que
840 3802 24 20 la
879 3801 117 25 provision
1014 3801 59 20 n'est
1090 3804 43 21 pas
1149 3800 39 21 suf-

667 3828 86 20 fisante
774 3829 23 19 et
818 3827 137 24 disponible;
978 3826 29 22 JJ
1029 3826 63 21 Celle
1110 3826 32 20 du
1163 3830 25 16 re-

667 3852 63 24 trait,
744 3856 43 21 par
801 3852 21 21 le
836 3852 79 22 tireur,
930 3851 28 21 de
973 3852 51 21 tout
1037 3856 30 16 ou
1082 3850 75 25 partie
1173 3851 28 20 de

668 3878 22 20 la
707 3877 116 24 provision
842 3877 58 20 dans
918 3876 33 21 les
968 3876 57 20 trois
1040 3876 59 21 mois
1118 3875 28 21 de
1161 3875 28 21 l'é-

668 3902 94 21 mission
782 3902 32 21 du
835 3897 64 27 titre":
923 3902 29 20 4.)
976 3901 57 21 celle
1055 3902 31 20 du
1108 3900 93 24 blocage

668 3932 43 20 par
728 3927 22 21 le
768 3927 80 22 tireur,
868 3927 27 20 de
916 3927 52 20 tout
987 3931 30 16 eu
1036 3926 76 25 partie
1130 3926 28 20 de
1179 3926 23 20 la

669 3953 120 24 provision.
805 3962 27 5 —
847 3952 29 20 X.

668 3992 62 18 l'.ms
745 3991 33 19 les
791 3989 99 21 sections
906 3990 28 20 de
950 3991 23 19 la
989 3990 115 20 Chambre

195 4537 34 32 La
239 4536 71 39 place
322 4537 141 31 a-dessous
476 4543 38 26 est
531 4542 114 27 réservée

118 4593 64 29 poar
195 4581 168 40 l'impression
384 4584 135 30 éventuelle
540 4584 104 31 d'infor-

119 4630 106 29 mations
239 4640 138 25 parvenues
391 4640 31 19 en
436 4640 73 19 cours
522 4628 33 32 du
567 4632 46 27 tira
616 4641 28 26 je

118 4684 33 21 «
165 4666 273 39 «"DERNIÈRE
451 4674 192 37 MINUTE,.

104 4862 127 31 Be_d_g_ra.
246 4866 23 18 SI
284 4865 100 18 décembre
406 4874 22 4 —
443 4865 27 17 La
482 4863 101 19 maréchal

172 4906 5 13 ,
187 4902 32 17 «si
232 4899 71 20 **e*tt
318 4899 11 19 k
345 4900 22 18 lt
378 4899 76 18 Heur».
467 4906 20 7 -
503 4898 65 19 »•!»■,.

174 5125 31 18 -*•

694 4037 43 20 Les
747 4037 100 20 sections
858 4037 29 21 de
898 4037 22 20 la
933 4037 115 20 Chambre
1061 4038 40 19 ont
1112 4036 91 25 adopté.

667 4062 64 24 Jeudi
751 4061 144 25 après-midi,
922 4062 34 20 les
982 4062 88 24 projets
1096 4062 30 20 de
1153 4062 31 21 loi
1194 4067 6 15 :

670 4089 19 18 1"
701 4088 100 20 tendant
812 4087 14 20 à
837 4088 87 20 relever
935 4087 21 21 le
967 4087 124 20 minimum
1103 4087 46 20 fixé
1160 4091 42 20 par

668 4113 22 19 la
703 4113 30 20 loi
746 4113 30 20 de
787 4112 50 21 1846
853 4116 58 20 pour
925 4112 167 20 l'autorisation
1105 4113 28 20 de
1145 4116 44 16 ven-

668 4138 35 19 tes
717 4137 126 25 publiques,
854 4141 29 17 en
896 4137 79 23 détail,
987 4137 29 21 de
1027 4137 175 21 marchandises

669 4166 93 19 neuves:
783 4165 22 17 _°
826 4162 79 21 relatif
926 4166 32 16 au
977 4161 71 25 dépôt
1068 4162 40 21 des
1130 4164 61 18 testa-

669 4187 77 20 ments
757 4186 134 25 olograph-c
903 4191 20 16 r;
937 4188 40 19 tles
989 4187 139 21 testaments
1140 4191 51 19 mys-

669 4212 73 24 tiques
753 4216 5 19 ;
771 4212 23 20 3'
809 4212 94 20 auort-.
912 4216 27 16 n.
952 4228 5 3 .
964 4216 43 16 ous
1018 4213 114 19 certaines
1146 4216 44 16 con-

669 4237 93 23 cluons,
780 4237 99 24 l'emploi
897 4238 28 19 de
946 4238 22 19 la
986 4237 143 20 saccharine.
1148 4237 43 21 Plu-

669 4262 73 20 sieurs
759 4262 114 20 membres
890 4265 42 17 ont
949 4261 115 21 demandé
1079 4262 21 21 le
1119 4262 86 22 renvoi.

670 4286 14 21 à
699 4292 45 16 une
756 4287 147 20 commission
915 4287 107 24 sociale,
1034 4291 58 20 pour
1107 4291 97 17 examen

670 4311 209 25 complémentaire,
899 4313 68 19 d'une
987 4312 142 23 proposition
1151 4315 41 20 pro-

671 4338 96 23 rogeant
777 4337 23 20 la
813 4338 30 20 loi
855 4337 32 20 du
901 4337 13 20 9
925 4337 57 20 avril
996 4337 50 20 1921
1060 4338 40 22 qui
1110 4337 94 21 modifie

672 4362 22 19 Lt
713 4361 128 22 législation
860 4367 41 15 sur
920 4362 21 20 le
960 4361 47 21 bail
1026 4361 15 21 à
1056 4362 74 20 ferme
1146 4362 59 21 dans

672 4386 32 21 les
719 4385 91 26 régions
824 4386 125 22 dévastées.
963 4396 27 5 —
1003 4386 30 21 X.

673 4423 41 21 Les
727 4429 104 19 grousses
845 4424 119 24 perchent.

698 4471 20 21 Il
730 4471 87 20 n'avait
826 4475 42 19 pas
879 4474 82 17 encore
971 4470 37 21 été
1018 4470 90 25 signalé
1120 4476 44 19 que
1174 4470 33 22 les

673 4500 103 20 grousses
794 4495 146 25 perchaient:
962 4496 62 22 c'est,
1042 4501 30 16 en
1092 4495 66 26 effet,
1175 4501 33 16 un

674 4522 77 19 oiseau
769 4521 81 20 vivant
866 4520 180 21 exclusivement
1060 4525 41 16 sur
1119 4521 33 20 les
1170 4522 38 20 fa-

673 4549 62 20 gr.es.
749 4547 77 19 vastes
843 4545 88 21 bandes
946 4545 142 24 dépourvues
1101 4546 108 22 d'arbres,

673 4572 26 19 et
721 4570 54 21 elles
795 4570 138 21 semblaient
952 4574 30 17 ne
1000 4574 43 20 pas
1064 4571 66 20 avoir
1149 4573 60 19 cette

674 4595 94 21 faculté.
781 4596 41 22 Or.
834 4600 33 16 un
881 4595 110 21 chasseur
1005 4595 41 21 des
1058 4596 108 21 environs
1181 4597 27 20 de

674 4620 93 24 Julhay,
778 4620 91 21 localité
879 4625 41 15 sur
932 4620 33 20 les
979 4620 81 24 fagnes
1071 4621 30 20 de
1112 4621 97 24 laquelle

673 4649 26 17 ce
712 4645 72 24 gibier
798 4647 36 19 est
845 4645 48 20 très
906 4645 134 22 nombreux,
1053 4650 79 16 assure
1145 4647 64 19 avoir

674 4674 84 20 aperçu
780 4670 29 20 de
828 4675 37 15 ces
883 4670 93 20 oiseaux
996 4670 96 24 perchés
1109 4675 41 16 sur
1169 4671 41 21 des

674 4695 105 22 sroblers,
793 4694 47 21 très
853 4695 132 20 abondants
1000 4695 20 21 le
1034 4695 55 24 long
1101 4696 41 20 des
1156 4700 41 16 rou-

674 4722 35 19 tes
729 4721 133 19 traversant
881 4725 39 15 ces
937 4720 90 24 plaines
1049 4720 116 21 dénudées
1186 4722 24 19 et

676 4746 127 22 mangeant
837 4746 33 23 les
903 4745 64 20 baies
1003 4745 40 24 qui
1075 4746 135 20 demeurent

675 4770 128 23 longtemps
819 4774 39 16 sur
871 4770 33 20 les
916 4770 121 24 branches,
1052 4775 29 17 en
1094 4770 66 25 dépit
1169 4771 41 21 des

675 4794 154 24 intempéries.

700 4820 62 20 C'est
777 4820 240 21 vraisemblablement
1031 4820 21 22 le
1067 4820 61 21 froid
1142 4821 39 24 qui
1196 4825 14 16 a

675 4844 114 24 provoqué
801 4845 60 20 cette
873 4845 125 22 anomalie:
1015 4845 22 20 la
1051 4845 67 24 neige
1130 4850 68 16 recou-

676 4870 74 20 vrant,
763 4873 29 16 en
804 4869 66 22 effet,
881 4870 21 20 le
911 4870 35 20 sol
957 4870 29 20 de
998 4871 61 20 cette
1069 4870 81 24 région
1161 4870 37 21 voi-

675 4893 50 21 sine
744 4894 28 20 de
791 4893 23 21 la
834 4894 106 25 Baraq:|»
959 4894 93 22 Michel,
1070 4896 54 20 c'est
1142 4900 57 19 pous-

675 4918 50 20 sées
736 4923 43 19 par
790 4919 21 20 le
822 4919 79 21 besoin
913 4924 43 19 que
967 4920 33 20 les
1012 4924 104 19 grousses
1126 4923 42 18 ont
1180 4920 31 22 dû

676 4948 25 16 se
715 4943 108 22 résoudre
838 4944 14 20 à
864 4945 61 20 cette
937 4944 128 22 extrémité.
1077 4945 28 20 N.

677 4980 19 19 A
712 4980 81 21 l'Ecole
809 4984 26 18 n*
849 4981 26 21 tZ

1248 2811 139 39 CONSEI
1389 2812 44 38 LS
1455 2812 120 38 COMM
1577 2812 138 39 UNAUX

1404 2879 156 17 SCHAERBEEK

1234 2906 27 16 Lm
1273 2905 68 18 séance
1354 2907 29 16 est
1394 2908 78 15 ouverte
1484 2910 10 12 a
1509 2907 10 15 B
1530 2906 19 17 h.
1563 2906 27 19 15,
1602 2910 35 17 par
1650 2906 18 17 le
1681 2907 59 20 bourg-

1214 2929 77 15 mestre.
1305 2926 17 17 Le
1336 2925 77 20 général
1426 2926 75 16 Meiser.

1235 2946 27 16 La
1276 2948 88 17 question
1378 2946 23 16 de
1415 2946 135 20 l'acceptation
1568 2950 35 16 i>ar
1617 2946 19 17 la
1652 2950 99 14 commune

1213 2967 25 16 du
1251 2966 113 16 Mosiuneot
1378 2970 38 12 aux
1429 2966 86 17 victimes
1527 2967 25 16 du
1566 2968 54 19 sport
1635 2968 116 16 automobile

1215 2988 28 15 est
1262 2986 121 20 représtsntec
1414 2988 19 15 et
1463 2987 64 16 donne
1555 2987 37 16 leu
1610 2988 12 15 à
1640 2991 26 12 un
1684 2987 68 17 nouvel

1214 3005 85 20 échange
1311 3007 24 16 de
1349 3010 45 14 vaes
1407 3008 54 15 entre
1476 3007 18 16 Je
1506 3006 75 20 Collège
1594 3009 21 14 et
1627 3007 18 17 U
1661 3008 68 16 droite.

1236 3027 126 18 Finalement,
1379 3026 18 17 le
1410 3029 111 14 monument
1536 3028 29 16 est
1579 3026 84 20 accepté,
1680 3032 36 15 par
1733 3028 19 16 19

1214 3049 44 13 vo.x
1275 3049 67 14 contre
1360 3046 27 18 14.
1403 3045 27 17 M.
1450 3045 91 21 Cujpers,
1561 3047 100 17 conseiller
1679 3048 73 18 libéral.

1215 3068 44 14 vote
1276 3070 46 13 avec
1336 3066 19 17 la
1370 3067 69 18 droit-,
1454 3070 56 16 a;*rc*.
1528 3070 37 13 une
1579 3067 121 17 déclaratica
1717 3072 24 15 q^

1216 3090 93 15 pcrson.'.e
1325 3090 24 13 ne
1365 3088 89 18 parvient
1471 3091 12 12 a
1502 3087 131 19 comprendre.

1237 3107 29 16 Au
1286 3109 51 16 sujet
1355 3107 23 16 de
1399 3107 141 19 l'approbation
1560 3107 26 16 du
1604 3107 70 20 budget
1693 3108 23 16 de
1733 3107 20 17 la

1215 3126 126 17 Commission
1360 3127 128 16 d'assistance
1504 3126 95 20 publique.
1618 3127 26 16 M.
1661 3126 93 20 Deprêter

1220 3146 66 18 .cath..
1304 3146 88 17 s'étonne
1405 3150 37 16 que
1457 3146 28 17 les
1499 3148 106 18 prévisions
1621 3148 24 16 de
1661 3147 92 20 dépenses

1217 3168 44 15 sout
1287 3166 113 17 irJërleures
1433 3170 48 16 psur
1504 3167 42 16 liVB
1567 3169 186 17 comparativement

1217 3189 37 13 aux
1269 3190 82 13 sommes
1365 3186 103 20 dépensées
1485 3190 25 13 cn
1527 3187 48 16 1928.
1591 3187 51 16 C'est
1659 3187 92 17 anormal.

1238 3205 26 17 M.
1276 3206 91 16 FicuHlen
1385 3206 59 17 icath.
1449 3210 5 12 »
1469 3210 81 15 prouose
1563 3207 17 16 le
1595 3208 65 15 renvoi
1673 3211 26 13 au
1710 3208 41 16 Coï-

1217 3225 46 19 léïc,
1279 3229 47 16 pour
1340 3229 79 14 examen
1433 3230 94 13 nouveau.

1238 3245 26 17 M.
1283 3245 69 20 Dejase
1363 3247 56 18 ,'écti.
1438 3246 42 17 lib.)
1501 3246 72 20 répend
1589 3246 12 17 à
1617 3250 31 14 ces
1664 3247 79 17 observa-

1218 3265 50 18 tions
1285 3268 18 14 et
1320 3266 77 16 montre
1411 3270 37 15 que
1460 3270 23 13 ce
1498 3266 71 20 budgst
1583 3271 12 13 a
1610 3266 31 17 été
1655 3268 89 16 conscien-

1216 3287 117 16 cieusement
1345 3286 71 17 dressé.

1238 3306 26 17 Le
1276 3307 71 18 budget
1359 3308 29 15 est
1402 3305 103 21 approuvé,
1518 3306 20 17 la
1551 3306 63 17 droite
1627 3307 127 17 s'abst?nan'-.

1238 3326 26 16 Ls
1278 3326 76 16 Con*^_l
1371 3326 43 17 rote
1429 3328 74 15 ensuite
1520 3327 19 16 la
1554 3328 124 18 prorogation
1695 3328 24 16 de
1735 3327 20 17 ia

1218 3346 70 16 société
1300 3351 8 10 «
1320 3346 25 16 Le
1357 3346 60 19 Foyer
1427 3346 149 18 Schaerbeekois
1588 3351 9 11 »
1609 3350 47 16 pour
1668 3350 26 14 un
1707 3350 37 13 nou-

1218 3369 48 13 veau
1280 3368 60 15 terme
1355 3366 24 16 de
1394 3366 21 16 30
1428 3370 42 13 ans.

1239 3386 26 16 Le
1279 3386 75 16 Couseil
1373 3388 76 15 estsme
1464 3387 74 16 ensuite
1555 3387 94 16 l'examen
1664 3387 26 16 du
1707 3387 38 16 bud-

1218 3409 30 16 get
1261 3409 48 16 pour
1321 3406 48 16 1929.

1239 3425 27 17 M.
1280 3425 70 19 Dejase
1366 3425 57 17 iéch.1
1442 3425 88 21 présente
1543 3426 17 17 le
1573 3426 69 21 budget
1657 3430 46 13 avec
1718 3430 38 14 une

1219 3445 40 18 très
1272 3446 72 19 grande
1358 3445 61 17 clarté
1433 3449 18 14 et
1467 3446 62 17 dunn-
1542 3447 33 17 des
1591 3446 126 20 explications
1731 3450 24 14 au

1218 3466 52 18 sujet
1288 3465 33 17 des
1343 3465 63 18 divers
1425 3467 69 19 postes.
1514 3466 25 17 Le
1557 3467 73 16 service
1648 3468 108 15 exLr.iordl-

1220 3489 53 12 ..■.:.--
1288 3485 74 18 s'élève,
1376 3489 24 13 en
1412 3487 82 16 recette*}
1507 3488 19 15 et
1540 3486 99 20 dépenses,
1653 3487 12 16 à
1680 3488 19 15 II
1712 3487 43 16 mil-

1219 3505 49 17 Lions
1289 3506 71 17 634,000
1378 3506 66 16 francs
1464 3510 24 13 en
1505 3506 82 17 chiffres
1606 3507 65 18 ronds,
1689 3509 68 14 contre

1220 3525 99 18 18.102.319
1336 3526 66 17 fruncs
1419 3530 24 12 en
1461 3526 48 17 1338.
1526 3526 25 17 Le
1570 3527 73 16 service
1658 3527 99 16 ordinaire

1219 3545 75 18 s'élève,
1308 3549 23 13 en
1347 3545 98 20 dépeas?s,
1461 3546 11 16 \
1489 3546 99 18 56,100,000
1603 3547 73 17 franc*.,
1689 3548 67 15 coi.tr-

1220 3566 26 16 40.
1248 3566 71 17 '..00,634
1334 3566 66 17 francs
1415 3569 24 13 en
1454 3566 47 16 1928.
1517 3566 24 16 Le
1554 3566 71 20 budget
1640 3569 47 17 pour
1700 3567 57 16 ordre

1221 3585 106 20 s'équilibre
1346 3589 34 16 par
1396 3586 99 17 30.839,030
1513 3587 67 15 francs
1594 3589 67 14 contre
1676 3587 22 16 28
1713 3587 43 16 m'.l-

1220 3605 49 17 1-ons
1280 3605 71 17 353.000
1362 3606 66 16 francs
1441 3609 24 13 cn
1479 3606 47 16 1SK19.
1539 3606 26 16 Le
1577 3607 71 17 *******
1658 3607 99 19 ordinairj:

1221 3627 28 15 est
1263 3629 25 13 en
1303 3625 118 19 majoration
1435 3626 24 16 de
1474 3625 89 19 6,35o,r.O0
1577 3626 66 17 francs
1650 3630 43 13 -sur
1708 3627 48 16 celil

1220 3645 24 17 de
1259 3645 48 18 1928.
1322 3645 47 16 dont
1383 3645 89 18 5,343.000
1489 3646 66 16 franci
1569 3648 48 18 pour
1634 3647 124 16 traitements

1221 3667 19 14 et
1253 3665 87 17 salaires.
1354 3665 72 18 345,000
1438 3669 48 16 pour
1501 3665 19 17 la
1533 3666 137 18 bienfaisance,
1686 3666 72 18 177.000

1222 3688 47 16 pour
1283 3685 28 17 les
1326 3685 61 17 écoles
1402 3688 109 16 moyennes.
1527 3685 71 18 541.000
1614 3689 48 16 pour
1680 3686 67 17 l'Inter-

1221 3705 119 17 communale
1361 3705 34 16 des
1417 3708 55 16 eaux,
1490 3706 32 16 220
1529 3706 32 16 000
1583 3709 47 16 pour
1650 3705 108 21 l'éclairage

1223 3725 68 19 public,
1308 3727 19 14 et
1344 3724 60 18 20.000
1418 3729 48 15 pour
1482 3725 18 17 le
1514 3725 72 17 sCTvice
1603 3727 24 15 de
1641 3725 19 17 la
1677 3726 59 17 dette.

1243 3744 26 16 M.
1288 3744 91 16 Fieullien
1405 3745 66 16 .cath..
1495 3745 38 17 Tait
1551 3745 51 17 tlors
1621 3745 39 17 très
1680 3746 68 19 longue-

1221 3766 53 15 ment
1285 3765 20 16 la
1317 3765 82 19 critique
1412 3765 25 16 du
1450 3764 76 20 budge*.
1539 3768 73 14 comme
1624 3768 45 15 tous
1683 3766 27 16 les
1723 3770 35 12 ans

1222 3785 103 16 d'ailleurs.
1341 3785 16 16 Il
1368 3785 82 19 critique
1464 3788 27 13 un
1503 3786 54 18 poste
1571 3786 23 16 Ce
1608 3786 72 17 400.000
1692 3786 67 17 francs

1222 3804 59 20 prévu
1294 3808 73 13 eomme
1383 3806 45 18 part
1442 3805 49 17 dans
1505 3805 17 17 le
1535 3805 53 17 Fond
1602 3805 23 17 de
1638 3807 49 15 crise
1703 3808 19 14 et
1735 3806 25 16 àe

1222 3824 71 18 300,000
1304 3825 66 16 franc*
1382 3824 24 17 de
1418 3826 45 15 taxe
1473 3825 23 16 de
1508 3826 59 15 voirie
1578 3825 54 20 porté
1645 3828 72 14 comme
1728 3830 20 12 re-

1222 3845 61 16 cettes
1305 3844 178 20 supplémentaires.
1507 3845 16 16 Il
1543 3848 24 14 en
1587 3846 76 16 conclut
1686 3849 37 16 que
1742 3846 18 16 le

1224 3865 69 19 budft-t
1305 3867 30 14 est
1347 3864 59 17 établt
1418 3868 33 13 sur
1464 3866 34 15 des
1512 3865 56 17 bases
1581 3869 36 16 peu
1629 3869 93 13 scrr_eu_.es

1223 3884 74 20 signale
1310 3884 47 19 qu'il
1372 3884 64 19 figure
1449 3888 38 12 aux
1504 3886 82 16 recettes
1602 3886 107 16 ordinaires
1727 3886 33 16 de»

1224 3905 85 16 rentrées
1326 3904 159 20 exceptionneJes
1505 3906 19 15 et
1541 3908 36 16 que
1594 3905 41 16 cela
1655 3906 50 16 n'est
1725 3909 35 16 p_.s

1224 3928 45 12 sans
1286 3924 98 19 présenter
1397 3927 27 14 un
1437 3924 74 17 sérieux
1528 3925 78 19 danger.
1621 3925 17 16 Il
1651 3929 20 12 se
1685 3925 75 16 déclare

1224 3945 90 18 partisan
1325 3944 24 16 de
1363 3943 128 20 l'allégement
1506 3945 33 16 des
1555 3945 81 19 charges
1649 3945 76 17 U*e*'.»z
1742 3947 19 15 et

1224 3964 57 16 d'une
1292 3967 97 14 «conoroie
1401 3963 74 21 strict*,
1489 3964 63 20 plutôt
1564 3968 36 16 que
1611 3965 24 16 de
1648 3965 113 16 rechercher

1224 3984 49 17 dans
1287 3987 37 13 une
1337 3984 84 17 fiscalité
1435 3984 23 17 de
1472 3984 43 20 pius
1531 3988 24 13 en
1569 3985 42 19 plus
1625 3985 86 19 exlgente
1727 3985 34 17 des

1225 4007 107 14 ressources
1346 4007 77 14 n*c»i_ss
1426 4005 4 10 ;
1432 4008 31 13 res
1475 4007 48 17 pour
1537 4006 76 15 couvrir
1627 4005 24 16 de
1665 4004 96 18 nouvelles

1225 4024 70 19 dépens
1297 4028 25 11 es.

1246 4043 27 16 M.
1294 4043 69 18 Dcjare
1387 4045 85 18 proteste
1492 4046 67 15 contre
1578 4044 28 17 les
1630 4044 76 20 paroles

1225 4064 26 16 M.
1265 4064 88 16 f'-ul.ren
1365 4067 32 16 qui
1409 4064 25 16 l'a
1447 4064 67 17 accusé
1527 4065 24 16 de
1564 4064 99 20 présenter
1675 4069 25 12 cn
1712 4064 39 17 bud-

1225 4084 31 18 get
1270 4083 98 20 élastique.
1383 4083 25 18 Le
1420 4084 70 19 budget
1502 4088 12 13 a
1527 4083 31 17 été
1570 4084 64 17 dressé
1648 4088 45 13 avec
1707 4085 55 16 toute

1225 4106 19 14 it,
1258 4103 89 17 sincérité
1360 4103 100 17 désirable.
1477 4104 36 16 De»
1527 4105 41 15 avis
1583 4104 76 17 récents
1672 4107 89 14 assurent

1225 4126 38 14 uns
1284 4126 118 16 majoration
1423 4124 33 16 des
1489 4127 81 14 sommes
1599 4126 94 15 revenant
1712 4124 12 16 à
1742 4124 20 16 la

1226 4146 105 13 commune.
1349 4144 25 16 Le
1390 4144 91 18 coupabl;
1496 4144 24 16 de
1537 4144 19 18 la
1570 4145 94 15 situation
1680 4144 82 16 difficile

1226 4163 22 16 de
1263 4163 19 16 la
1295 4166 107 15 commune,
1414 4164 46 16 c'est
1474 4163 59 17 l'Ztat
1545 4165 33 18 qui
1593 4167 25 13 ne
1629 4165 38 15 fait
1680 4168 35 15 pas
1727 4167 35 13 son

1226 4183 65 16 devoir
1304 4187 24 12 en
1342 4182 89 19 présence
1446 4184 23 15 de
1484 4184 160 18 l'augmentation
1660 4186 103 19 constante

1226 4203 23 16 de
1265 4206 29 13 ses
1309 4205 79 17 propres
1404 4204 88 15 recettes.

1248 4222 26 16 M.
1289 4222 77 17 Fisehcr
1386 4226 55 15 isoc.>
1458 4224 36 16 fait
1512 4227 110 16 remarquer
1637 4227 42 16 que,
1696 4224 67 18 depuis

1227 4245 60 14 avant
1304 4243 19 16 la
1341 4245 74 17 guerre,
1431 4242 19 17 la
1468 4243 112 20 population
1595 4248 12 12 a
1622 4242 102 21 augmenté
1740 4244 23 16 de

1227 4262 21 17 25
1259 4266 27 14 *.<•;
1301 4266 24 13 en
1336 4263 74 16 faisant
1420 4263 121 16 abstraction
1552 4263 23 16 de
1586 4264 44 16 toua
1640 4263 28 17 l*s
1680 4264 73 16 accrois-

1227 4284 84 16 sements
1323 4283 24 16 de
1361 4282 91 20 dépenses
1465 4286 47 16 pour
1528 4285 63 14 toutes
1603 4285 63 15 sortes
1678 4284 25 16 de
1715 4287 48 12 nou-

1228 4302 56 17 vt-LIei
1298 4306 80 14 œuvres,
1394 4306 25 13 on
1435 4306 24 13 ne
1475 4302 82 20 dépense
1573 4306 35 16 pas
1624 4303 43 20 plus
1680 4304 74 15 mainte-

1228 4324 49 15 nant
1292 4322 90 20 qu'alors.
1400 4322 25 17 Le
1440 4322 45 17 coût
1502 4322 38 17 réel
1559 4323 24 16 de
1598 4323 19 16 la
1633 4326 31 14 vie
1678 4323 86 17 sêtiblit

1228 4342 135 17 actuellement
1375 4344 55 15 entre
1445 4342 48 17 1.000
1506 4344 19 15 et
1540 4342 54 17 1.100.
1606 4342 34 19 Or,
1653 4342 28 18 les
1695 4344 59 16 traite-

1228 4364 63 15 ments
1308 4363 55 15 n'ont
1380 4365 35 16 pas
1431 4361 31 17 été
1478 4362 105 19 multipliés
1597 4366 35 16 pmr
1648 4363 15 16 7.
1679 4363 16 16 Il
1710 4363 54 17 rend,

1229 4386 24 12 en
1271 4384 87 18 passant,
1374 4381 101 20 hommage
1490 4385 25 13 au
1533 4382 101 19 personnel
1649 4382 115 19 communal,

1228 4402 33 19 qui
1277 4402 58 20 pàllt.
1349 4405 46 13 arec
1409 4401 27 17 les
1452 4403 59 19 petits
1525 4403 89 18 rentiers,
1631 4402 23 17 de
1669 4403 19 16 la
1702 4403 52 17 situa-

1230 4423 40 15 tion
1287 4421 87 17 actuelle.

1250 4442 26 16 La
1290 4441 63 17 droite
1365 4442 115 19 interrompt
1493 4441 140 20 fréquemment
1644 4442 99 17 l'orateur.

1251 4462 27 16 La
1295 4464 100 14 commune
1413 4465 12 13 a
1441 4461 38 17 fait
1495 4465 21 13 ce
1535 4462 68 19 qu'elle
1620 4464 78 18 pouvait
1718 4466 47 15 pour

1229 4485 36 13 son
1279 4481 107 20 personnel,
1401 4482 91 16 continue
1508 4482 26 19 }l.
1552 4482 84 17 Fischer.
1653 4483 15 15 A
1686 4482 41 16 côté
1742 4482 23 16 de

1229 4502 51 15 cette
1292 4501 88 19 dépense,
1392 4501 13 17 U
1416 4504 12 7 -
1439 4505 11 13 a
1463 4502 64 16 toutes
1538 4501 27 17 les
1577 4502 81 19 charges
1669 4502 97 16 nouvelles

1230 4525 36 15 que
1281 4521 59 17 l'Etat
1352 4525 11 12 a
1376 4522 57 16 mises
1448 4526 12 11 a
1473 4521 71 19 charge
1556 4522 24 16 de
1594 4521 19 17 la
1627 4525 107 13 commune;
1752 4521 14 17 11

1230 4544 12 7 *
1257 4545 12 12 a
1283 4543 64 15 toutes
1360 4541 27 16 les
1400 4545 74 13 œuvres
1490 4541 86 18 sodialee.
1592 4542 28 16 les
1633 4545 81 16 somrpes
1730 4545 36 16 que

1231 4561 19 16 la
1267 4564 99 13 commune
1383 4559 41 18 doit
1441 4559 60 22 paye.*
1520 4564 38 14 aux
1577 4561 61 17 écoles
1658 4562 63 17 libres,
1739 4561 27 16 les

1231 4581 91 19 dépenses
1338 4584 48 16 pour
1404 4578 28 19 la'
1439 4580 66 20 police,
1520 4582 36 15 etc.
1573 4581 51 17 Tout
1641 4581 41 16 cela
1698 4585 12 12 a
1728 4580 38 17 fait

1231 4601 84 18 majorer
1335 4600 28 18 les
1381 4600 92 20 dépenses
1491 4600 122 20 obligatoires
1632 4601 23 16 de
1676 4600 20 17 la
1714 4604 42 13 com-

1231 4623 63 13 mune.

1252 4640 136 19 L'opposition,
1401 4640 29 17 dlt
1445 4644 24 13 en
1484 4640 107 17 terminant
1603 4640 26 16 M.
1642 4640 85 17 Fischer,
1742 4643 25 13 oe

1232 4661 87 18 pourrait
1333 4663 35 16 pas
1380 4662 51 15 iaire
1445 4660 109 17 autrement
1567 4664 37 16 que
1616 4660 19 17 la
1647 4659 97 20 majorité.

1252 4680 27 16 La
1296 4679 70 17 séance
1382 4682 29 14 est
1426 4680 75 17 ensuite
1515 4680 108 20 suspendue
1638 4681 19 15 et
1675 4683 44 13 sera
1736 4683 21 13 re-

1232 4701 50 18 prise
1297 4700 83 18 demain,
1395 4700 98 19 vendredi,
1506 4699 12 17 à
1531 4700 11 16 S
1557 4700 75 16 heures.

329 5291 8 8 '

263 5532 7 3 -
312 5535 4 3 ■
342 5532 6 4 -
377 5530 4 4 ■

704 5028 31 19 Le
748 5028 79 20 Cercle
845 5037 4 5 ■
857 5027 44 21 Les
913 5028 64 22 Amis
990 5029 28 21 de
1032 5029 82 21 l'Ecole
1128 5033 26 18 n"
1168 5030 25 20 22
1203 5039 8 7 -

678 5053 62 18 avait
751 5052 106 24 organisé
868 5053 51 20 hier
930 5056 46 18 une
986 5053 185 24 représentation
1182 5059 30 16 au

677 5076 101 21 Théâtre
796 5077 114 21 Flamand
929 5082 31 16 au
978 5077 73 25 profit
1067 5078 40 21 des
1123 5083 89 17 œuvres

678 5101 29 20 de
726 5100 83 21 l'école.

705 5125 32 20 La
755 5126 82 24 troupe
854 5126 31 21 du
903 5125 93 22 théâtre
1011 5127 129 24 Interpréta
1158 5131 54 17 avec

680 5154 32 16 un
724 5153 52 16 rare
786 5150 51 20 brio
847 5155 47 16 une
905 5150 121 22 délicieuse
1036 5151 109 23 comédie.
1157 5161 8 8 ■
1179 5152 34 21 De

681 5174 111 24 Hertogln
807 5179 47 15 van
870 5175 149 24 Plccadilly..
1033 5176 39 21 Un
1088 5177 127 21 nombreux

681 5199 77 24 public
773 5199 30 20 fit
817 5204 33 16 un
865 5199 87 21 accueil
964 5200 140 21 chaleureux
1117 5206 46 16 aux
1176 5203 31 19 in-

681 5223 118 24 terprètes.

707 5249 32 20 M.
753 5249 25 19 K.
795 5248 129 25 Jacqmain.
939 5248 97 22 échevin
1051 5250 28 21 de
1095 5250 107 22 l'Instruc-

680 5273 51 20 tion
752 5272 115 25 publique,
887 5273 66 21 avait
973 5274 57 20 tenu
1050 5274 15 20 à
1086 5274 95 22 assister
1200 5278 15 16 a

680 5298 61 20 cette
758 5297 79 21 soirée.
855 5298 35 21 Au
907 5302 68 17 cours
991 5298 29 21 de
1035 5298 133 23 l'entracte.
1183 5300 31 19 M.

681 5322 110 23 Schmltz.
803 5322 115 21 directeur
929 5322 29 21 de
970 5322 83 23 l'école,
1064 5323 32 21 lui
1108 5324 107 24 présenta

682 5347 32 21 les
729 5347 136 25 principaux
879 5347 180 21 collaborateurs
1072 5348 42 21 des
1128 5357 8 8 ■
1152 5349 63 20 Amis

680 5373 29 21 de
726 5372 82 22 l'Ecole
825 5381 9 8 »
857 5377 6 15 :
880 5373 58 20 MM.
952 5372 141 25 Knockaert,
1111 5372 103 22 vander-

675 5398 110 21 ■smlssen.
800 5397 146 24 Wennegers.

707 5423 32 21 M.
753 5422 111 22 l'échevin
880 5421 50 22 leur
944 5421 95 22 adressa
1054 5427 37 17 ses
1104 5422 53 24 plus
1171 5423 44 21 vifs

682 5448 186 22 remerciements
879 5448 24 20 et
916 5448 64 20 toute
992 5452 27 16 sa
1031 5447 117 25 gratitude
1159 5452 57 21 pour

681 5473 68 22 l'aide
761 5472 98 22 efficace
874 5472 67 25 qu'Us
954 5472 125 25 apportent
1095 5472 15 22 à
1124 5472 79 24 l'ensei-

680 5498 111 26 gnement
811 5497 93 21 officiel.

818 5571 12 10 »

1258 4754 52 20 LES
1329 4746 168 28 ACCIDENTS
1516 4754 20 20 A
1550 4753 125 21 ANVERS.
1689 4763 28 5 —
1731 4753 36 21 En

1232 4778 137 20 travaillant
1380 4782 30 17 au
1424 4783 15 15 n
1445 4783 4 5 •
1462 4778 27 21 20
1501 4779 41 20 des
1555 4778 97 22 bassins,
1664 4778 23 20 le
1698 4782 55 16 nom-

1231 4802 37 21 mé
1284 4803 21 19 J.
1321 4803 56 21 Elst.
1392 4802 42 23 âgé
1447 4803 29 20 de
1491 4804 25 19 10
1530 4807 51 19 ans,
1587 4816 5 4 ■
1598 4803 139 20 demeurant
1751 4803 15 20 à

1232 4826 101 22 Esschen
1349 4832 15 15 a
1379 4825 38 23 Été
1437 4830 136 21 gravement
1591 4827 73 21 blessé
1682 4832 43 19 par
1743 4828 24 20 la

1232 4851 99 25 portière
1347 4851 54 22 d'un
1416 4856 88 20 wagon,
1519 4853 20 20 n
1554 4857 14 16 a
1584 4851 36 22 été
1634 4852 133 25 transporté

1232 4877 14 20 è
1265 4876 105 25 l'hôpital
1384 4877 30 20 de
1427 4877 165 24 6tuyvcnberg.

1258 4911 28 5 —
1295 4901 32 21 Le
1337 4901 93 21 nommé
1440 4902 25 20 C.
1477 4902 101 23 Pooters,
1590 4901 43 25 âgé
1642 4902 29 20 dc
1681 4902 25 20 41
1718 4906 43 16 ans

1232 4926 137 21 demeurant
1384 4931 42 16 rue
1441 4927 90 20 Gorlcer
1546 4931 15 16 a
1576 4927 46 20 fait
1637 4931 49 16 une
1697 4927 70 21 chute

1233 4955 69 19 grave
1319 4950 14 21 à
1348 4951 57 21 bord
1420 4951 56 21 d'un
1491 4951 87 21 navire.
1598 4951 169 21 Sérieusement

1233 4975 79 22 blessé.
1331 4975 17 21 11
1365 4980 16 16 a
1404 4975 37 21 été
1468 4976 75 21 admis
1570 4980 31 17 au
1625 4976 142 25 dispensaire

1234 5000 111 24 Kipdorp.

1260 5029 41 22 UN
1328 5030 118 21 CHEVAL
1472 5030 40 20 DE
1538 5031 129 20 RETOUR.
1686 5041 29 5 —
1733 5031 36 21 En

1233 5055 129 24 septembre
1383 5056 24 19 et
1428 5055 93 21 octobre
1540 5056 98 22 dernier,
1659 5056 41 20 des
1720 5057 49 20 vols

1234 5080 28 20 de
1276 5080 68 24 linge,
1354 5080 29 20 de
1397 5079 130 21 vêtements
1540 5081 24 20 et
1575 5080 30 21 de
1617 5081 51 20 zinc
1680 5081 89 21 étaient

1234 5104 96 21 c_mmls
1347 5104 15 21 9
1378 5104 111 21 Verviers.
1508 5104 123 25 L'enquête
1649 5105 59 21 faite
1726 5110 43 20 par

1235 5129 22 19 la
1273 5128 73 24 police
1361 5133 31 16 ne
1406 5129 69 20 tarda
1490 5133 43 20 pas
1546 5129 15 20 à
1577 5130 92 20 aboutir
1684 5130 15 20 à
1714 5130 42 20 l'ar-

1235 5154 112 20 restation
1364 5154 29 20 de
1407 5154 99 20 l'auteur
1523 5154 30 20 de
1569 5158 38 16 ces
1620 5154 92 24 larcins,
1727 5155 43 24 tli-

1234 5178 62 20 colas
1309 5178 56 22 K....
1378 5178 26 20 52
1419 5183 50 18 ans.
1480 5183 55 16 sans
1548 5178 117 22 résidence
1678 5184 90 17 connue

1235 5207 30 15 en
1281 5202 115 25 Belgique,
1412 5203 130 24 spécialiste
1556 5203 32 20 du
1605 5208 76 19 genre.
1696 5204 73 21 Outre

1235 5227 61 20 cette
1313 5228 147 22 arrestation,
1478 5228 59 20 deux
1554 5228 121 21 verviéteis
1689 5229 80 21 furent

1235 5250 130 24 également
1387 5252 44 20 mis
1455 5256 30 17 en
1504 5251 136 25 prévention
1663 5254 32 20 du
1715 5254 54 21 cheî

1235 5276 29 20 de
1278 5276 67 20 recel.
1358 5276 33 20 C»
1406 5278 53 19 sont
1475 5276 33 22 les
1522 5277 106 20 nommés
1641 5275 128 28 Théophile

1236 5298 53 26 C...,
1306 5300 123 24 portefaix,
1445 5301 27 20 7D
1491 5306 43 16 ans
1553 5302 24 20 et
1592 5302 109 21 Lambert
1718 5303 52 24 P...,

1236 5324 90 21 ouvrier
1341 5325 95 22 d'usine.
1450 5326 25 20 48
1490 5331 49 15 ans.

1262 5349 31 20 Le
1311 5349 102 21 tribunal
1432 5351 166 20 correctionnel
1617 5351 29 21 de
1664 5352 106 21 Verviers

1236 5374 39 23 qui
1289 5378 15 15 a
1320 5373 95 22 instruit
1431 5374 61 21 cette
1506 5375 85 21 affaire
1608 5381 15 15 a
1640 5377 129 21 condamné

1236 5398 48 20 K...
1300 5397 16 21 à
1333 5402 46 17 une
1398 5398 67 24 peine
1485 5399 89 24 globale
1589 5400 29 21 de
1636 5401 12 19 5
1665 5402 59 20 mois
1741 5403 28 20 de

1236 5422 78 25 prison
1328 5425 23 19 ct
1367 5423 57 22 1.300
1437 5423 85 22 francs.
1536 5424 60 21 Pour
1607 5425 67 23 recel.
1687 5427 44 20 C...
1745 5427 25 21 et

1236 5447 43 20 P...
1297 5448 43 21 ont
1362 5447 69 25 écopé
1452 5448 91 22 chacun
1562 5449 68 21 d'une
1652 5450 68 25 peine
1740 5452 29 21 de

1238 5473 24 20 15
1283 5472 64 24 jours
1366 5473 29 21 de
1418 5473 79 25 prison
1518 5475 24 20 et
1562 5474 40 20 260
1620 5475 79 21 francs
1719 5476 38 21 d'a-

1235 5497 91 22 mende.
1554 5511 15 8 .-
1602 5518 27 5 __
1647 5515 64 8 __,„^
1740 5516 20 7 _

1749 424 97 17 a__aient
1863 421 111 23 déjeuner
1992 425 30 16 en
2038 422 57 20 ville.

1776 447 18 19 C
1802 446 57 20 était
1881 446 23 19 la
1925 445 112 23 première
2058 447 46 19 fois
2120 443 66 25 qu'ils
2203 446 69 20 accep-

1750 472 75 19 taient
1842 475 46 16 une
1905 470 126 20 invita-ion
2046 470 80 26 depuis
2142 468 21 20 le
2179 467 107 20 malheur

1749 497 39 24 q_i
1808 496 64 20 avril
1895 495 132 20 bouleversé
2050 496 49 20 leur
2121 494 43 19 vie.
2185 492 100 20 L'année

1749 521 102 21 d'avant,
1862 520 50 20 ieur
1925 520 39 20 fils
1979 519 60 23 aine.
2053 519 109 22 Maurice,
2172 518 39 23 qui
2222 517 64 19 avait

1750 547 72 19 douze
1840 549 43 17 ans
1900 548 23 17 et
1942 544 58 20 était
2017 544 103 25 impulsif
2137 546 23 17 et
2178 546 109 16 nerveux,

1750 576 33 15 un
1797 571 54 23 jour
1865 569 30 21 où
1909 574 43 22 «jon
1967 568 61 25 père,
2042 574 58 20 pour
2115 569 29 20 de
2156 567 131 20 mauvaises
2308 566 28 10 ***•

1749 598 75 20 notes,
1835 595 79 20 l'avait
1925 594 56 24 giflé
1995 599 56 16 sans
2065 597 89 18 mesure
2169 595 23 17 et
2204 595 83 16 mena-
2308 594 17 29 j.
2456 597 120 29 LUTETIA
2591 596 107 30 PALACE

1750 620 26 21 ce
1793 621 29 20 de
1838 621 21 19 le
1875 621 85 19 mettre
1977 624 30 15 en
2024 618 173 26 apprentissage
2214 616 15 20 à
2244 615 35 22 l*u-

1750 650 57 17 sine,
1823 645 57 20 était
1896 643 85 24 rentré,
1997 648 55 16 sans
2065 643 113 26 répondre
2194 645 22 16 et
2232 645 56 15 sans

1751 671 98 24 pleurer,
1869 670 58 20 dans
1942 673 28 16 sa
1989 670 72 23 petite
2082 668 117 23 chambi*,
2219 669 24 17 et
2258 665 31 23 là,

1752 700 55 16 avec
1823 695 21 20 le
1859 694 86 20 cordon
1964 694 97 20 arraché
2078 695 32 20 du
2127 696 69 17 store,
2212 691 76 20 s'était

1752 721 78 24 pendu
1859 719 14 21 à
1903 719 172 24 l'espagnolette
2104 717 75 22 élevée
2208 717 28 19 de
2266 716 23 19 la

1752 745 97 21 fenêtre.

1779 771 39 19 On
1836 769 78 21 l'avait
1932 768 81 21 trotrvé
2032 768 107 22 oscillant
2157 770 82 17 encore
2259 770 30 16 au

1753 795 56 21 bout
1821 795 30 21 de
1863 795 23 20 la
1901 794 76 21 ficelle
1989 796 79 19 courte
2082 792 78 23 entrée
2174 792 59 20 dans
2246 795 43 16 son

1754 825 49 16 cou.
1818 825 26 15 sa
1863 819 48 21 tête
1930 819 30 20 de
1978 819 89 21 travers
2079 823 41 17 sur
2136 816 105 24 l'épaule,
2258 816 33 19 les

1754 850 59 20 yeux
1830 845 97 20 vitreux,
1944 844 22 20 le
1981 843 78 24 visage
2073 843 70 21 violet
2158 843 23 18 et
2199 841 23 20 ia
2238 841 40 20 lan-

1755 876 43 19 gue
1812 870 161 20 hideusement
1986 872 70 17 sortie
2071 869 88 21 d'entre
2172 867 32 20 les
2217 866 74 20 dents.

1755 896 20 20 Il
1789 896 63 19 avait
1866 895 44 19 mis
1921 894 29 20 de
1964 894 24 20 la
2003 893 76 21 bonne
2091 891 93 22 volonté
2196 891 17 20 à.
2224 896 54 15 mou-

1756 921 38 20 rir,
1808 925 40 15 car
1862 920 16 20 il
1892 920 63 19 avait
1970 919 32 20 du
2015 918 58 24 plier
2087 919 33 21 les
2132 920 90 21 genoux
2235 920 57 20 pour

1756 946 49 20 être
1821 944 111 24 étranglé.

1782 971 32 20 Le
1832 969 54 25 père
1904 969 58 21 était
1975 972 34 16 un
2025 973 52 19 gros
2093 968 92 21 homme
2200 965 93 22 noient,

1757 995 96 21 habitué
1866 995 15 20 à
1897 995 59 19 faire
1971 993 107 21 marcher
2093 997 46 17 une
2153 992 88 23 grande
2256 991 25 19 in-

1756 1021 88 20 dustrie
1857 1019 29 21 où
1900 1020 16 20 il
1928 1019 78 20 fallait
2018 1019 30 20 de
2060 1017 106 25 l'énergie
2176 1021 6 16 :
2196 1017 17 19 il
2226 1016 55 23 igno-

1757 1046 46 20 rait
1819 1046 23 20 la
1858 1043 128 23 sensibilité
2004 1047 23 16 et
2041 1043 24 20 la
2083 1041 171 23 neurasthénie.
2275 1040 19 20 Il

1756 1070 145 24 s'emportait
1914 1070 73 19 avant
1998 1069 29 20 de
2041 1068 115 21 réfléchir,
2168 1066 90 21 hurlait
2271 1067 22 19 ct

1758 1095 117 23 menaçait
1892 1098 44 20 par
1955 1093 111 25 principe,
2086 1094 24 20 et
2129 1091 103 21 estimait
2251 1094 44 20 que

1758 1122 33 19 les
1809 1121 67 23 gifles
1896 1119 62 22 sont,
1977 1122 60 20 pour
2059 1118 32 21 les
2112 1121 104 21 garçons,
2234 1116 61 20 aussi

1759 1146 140 21 nécessaires
1921 1149 44 19 que
1986 1143 22 20 le
2027 1143 62 24 pain.
2111 1143 92 20 Devant
2224 1140 71 21 lhor-

1759 1176 53 15 reur
1827 1168 167 23 irrémédiable,
2005 1167 19 21 il
2036 1170 62 22 resta
2112 1167 78 21 béant.
2203 1166 93 23 Qu'est-

1758 1201 27 16 ce
1804 1200 44 20 que
1869 1195 50 20 cela
1937 1193 89 20 voulait
2043 1193 48 21 dire
2100 1193 11 20 1
2134 1192 43 20 Les
2200 1191 96 20 enfants

1758 1222 103 20 heureux
1881 1223 90 17 comme
1991 1219 33 20 les
2042 1219 61 20 siens
2123 1218 25 21 et
2168 1215 82 21 adorés
2268 1216 28 20 de

1760 1247 61 20 leurs
1836 1246 98 23 parents
1952 1248 30 16 ne
2000 1248 26 16 se
2043 1244 68 20 tuent
2127 1246 42 20 pas
2180 1242 6 19 !

1786 1271 21 20 Il
1825 1275 30 16 ne
1874 1269 77 21 savait
1970 1273 43 19 pas
2027 1269 54 23 qu'il
2096 1267 65 22 était,
2180 1270 58 20 pour
2254 1270 43 16 son

1760 1297 39 20 fils
1812 1294 60 24 Einé,
1886 1295 91 22 l'image
1992 1293 131 21 terrifiante
2135 1292 29 20 de
2179 1292 23 19 la
2216 1291 69 20 bruta-

1760 1321 41 21 lité
1822 1320 39 25 qui
1883 1319 104 22 humilie,
2009 1318 30 21 du
2062 1317 138 25 despotisme
2222 1317 25 19 et
2269 1316 28 20 de

1760 1345 131 25 l'injustice.
1903 1344 20 21 Il
1936 1348 31 16 ne
1977 1343 78 20 savait
2064 1348 42 19 pas
2119 1343 71 24 qu'un
2205 1341 93 20 affreux

1761 1370 151 21 malentendu
1927 1370 32 20 les
1971 1368 109 24 séparait.
2092 1369 21 20 Il
2125 1372 30 16 ne
2167 1366 76 20 savait
2255 1370 44 20 pss

1761 1401 44 20 quo
1823 1395 101 22 l'enfant
1942 1393 85 23 s'était,
2048 1394 104 24 pendant
2173 1392 41 20 des
2234 1391 65 22 mois,

1762 1420 75 22 exalté
1854 1421 52 20 tout
1920 1419 51 21 seul
1990 1419 59 20 dans
2067 1416 163 25 l'exagération
2244 1416 54 20 d'un

1762 1445 117 24 désespoir
1903 1444 65 20 muet
2000 1445 71 20 avant
2097 1443 74 21 d'oser
2191 1446 26 15 se
2242 1441 59 21 tuer,

1762 1470 82 26 poussé
1865 1469 16 21 à
1900 1469 58 21 bout
1978 1468 67 21 enfin
2066 1473 42 20 par
2128 1472 26 16 ce
2175 1466 39 25 qui
2235 1465 65 23 était,

1763 1501 57 20 pour
1839 1500 43 15 son
1901 1494 61 25 père,
1986 1498 45 16 une
2056 1491 111 23 nécessité
2189 1492 111 20 courante

1763 1521 153 22 d'éducation,
1930 1521 31 20 et,
1974 1523 59 20 pour
2047 1519 39 23 lui,
2101 1519 23 20 la
2137 1521 97 20 marque
2249 1516 38 21 d'u-

1763 1552 30 15 ne
1808 1546 72 20 haine
1896 1549 57 16 sans
1971 1543 56 26 pitié
2046 1545 24 20 et
2086 1541 144 24 intolérable.

1789 1572 119 20 L'homme
1919 1574 31 16 ne
1961 1569 78 20 savait
2049 1568 50 22 rien
2110 1568 29 21 de
2150 1568 52 20 tout
2214 1567 50 20 cela
2277 1567 24 20 et

1763 1597 17 20 il
1799 1601 31 16 ne
1847 1595 146 24 comprenait
2012 1598 43 20 pas
2074 1604 27 5 —
2118 1593 16 21 11
2151 1597 31 16 ne
2202 1591 99 25 comprit

1764 1622 85 24 jamais
1862 1631 27 5 —
1903 1620 21 21 le
1940 1619 45 21 fait
2003 1619 150 21 monstrueux
2167 1617 40 24 qui
2223 1616 79 21 tantôt

1764 1646 130 22 l'accablait
1912 1646 29 20 de
1958 1644 105 21 remords
2080 1644 25 22 et
2120 1642 80 22 tantôt
2218 1642 83 20 i'exr.s-

1764 1672 76 24 pérait
1857 1675 90 16 comme
1966 1674 46 18 une
2028 1668 115 22 anomalie
2159 1667 141 22 révoltante;

1765 1696 66 24 mais,
1847 1700 46 17 aux
1909 1694 64 22 côtés
1987 1695 28 20 de
2031 1699 28 16 sa
2074 1695 92 21 femme,
2181 1692 40 24 qui
2239 1692 64 20 avait

1765 1722 60 21 failli
1845 1720 96 22 devenir
1960 1719 56 21 folle
2034 1719 118 21 d'horreur
2173 1718 25 20 et
2214 1717 40 24 qui
2273 1721 30 16 ne

1765 1748 21 20 le
1800 1746 119 25 regardait
1934 1745 52 29 plus
1999 1742 92 27 qu'avec
2104 1748 45 17 une
2164 1743 63 21 sorte
2241 1742 49 20 d'in-

1765 1771 129 21 volontaire
1917 1769 126 25 repulsion,
2063 1769 41 22 dès
2125 1768 53 22 lors,
2200 1768 17 20 il
2236 1767 68 20 vécut

1766 1796 83 22 obsédé
1867 1800 44 20 par
1926 1799 34 17 un
1982 1794 139 21 cauchemar
2144 1793 90 23 tenace,
2251 1791 39 25 pla-

1765 1823 61 20 nant
1841 1822 22 20 le
1880 1821 54 24 jour
1950 1825 41 16 sur
2008 1824 44 16 son
2070 1818 83 22 travail
2168 1819 23 20 et
2209 1817 23 21 la
2251 1819 52 19 nuit

1766 1852 39 16 sur
1822 1851 43 16 fon
1882 1845 112 22 sommeil.

1791 1872 37 21 Au
1847 1871 105 21 moment
1968 1871 31 20 du
2018 1869 88 24 drame,
2124 1868 68 25 qu'on
2211 1873 31 15 ne
2261 1868 42 24 put

1767 1898 32 20 lui
1812 1897 91 22 cacher,
1915 1895 97 21 Francis
2027 1895 64 21 avait
2104 1894 54 21 huit
2173 1898 49 15 ans.
2237 1892 67 25 Déjà,

1766 1927 31 16 cn
1811 1922 22 21 le
1847 1921 76 25 gâtait
1936 1920 169 24 relativement,
2117 1922 41 17 car
2171 1919 18 19 il
2203 1917 59 22 était
2276 1918 28 20 de

1767 1947 71 21 faible
1862 1946 75 21 santé.
1957 1945 141 25 Perspicace,
2119 1945 18 20 il
2160 1943 109 21 réfléchit
2290 1944 15 19 â

1766 1973 24 21 lo
1807 1971 114 22 situation
1937 1972 24 20 et
1976 1971 25 20 la
2018 1971 99 24 comprit
2130 1969 175 25 parfaitement.

1793 1998 33 21 Ce
1847 1995 168 25 dimanche-là,
2035 1995 89 25 lorsque
2146 1999 36 16 ses
2203 1995 102 23 parents,

1767 2023 39 24 qui
1823 2027 30 16 ne
1869 2021 110 22 devaient
1993 2021 95 24 rentrer,
2102 2024 43 21 que
2161 2024 52 16 vers
2228 2019 24 20 la
2269 2018 36 21 fin

1767 2049 29 20 de
1812 2045 161 27 l'après-midi,
1989 2045 82 22 furent
2088 2045 81 26 partis,
2186 2044 16 20 il
2224 2043 68 24 déjeu-

1766 2078 33 16 na
1818 2072 131 25 gentiment
1966 2075 56 16 avec
2042 2076 28 16 su
2087 2068 150 27 grai-d'mère.
2257 2069 35 20 En-

1767 2098 68 21 suite,
1856 2097 106 25 pendant
1984 2100 44 21 que
2050 2096 33 21 les
2102 2096 88 20 bonnes
2212 2099 26 16 se
2260 2094 33 20 hâ-

1768 2123 76 21 taient
1863 2123 29 20 dc
1911 2122 58 20 finir
1990 2121 49 21 leur
2060 2124 99 20 ouvrage
2176 2124 59 20 pour
2255 2123 39 17 sor-

1769 2149 38 20 tir,
1827 2149 24 19 la.
1871 2147 76 21 vieille
1972 2147 69 20 dame
2065 2146 104 24 l'envoya
2194 2145 112 20 s'amuser

1768 2173 60 21 dans
1846 2173 24 21 la
1888 2171 111 22 chambre
2017 2171 15 21 à
2051 2171 102 25 joujoux,
2169 2174 29 16 en
2217 2170 33 20 lui
2269 2174 25 16 re-

1768 2198 169 21 commandant
1951 2198 29 20 de
1996 2202 30 17 ne
2041 2201 41 19 pas
2100 2200 29 17 en
2145 2195 77 22 sortir,
2237 2199 70 20 parce

1768 2224 82 24 qu'elle
1867 2222 95 22 désirait
1982 2222 50 21 être
2050 2220 123 27 tranquille
2191 2225 59 20 pour
2265 2220 42 20 lire

1770 2249 56 20 chez
1846 2248 50 22 elle,
1921 2252 27 16 ce
1971 2246 40 26 qui
2032 2246 88 21 voulait
2144 2245 50 21 dire
2219 2245 88 21 dormir

1770 2274 60 21 dans
1847 2278 33 16 un
1897 2272 107 22 fauteuil.

1795 2299 97 20 Francis
1905 2298 64 21 resta
1982 2301 55 20 sage
2050 2297 104 24 Jusqu'au
2169 2295 83 25 départ
2267 2296 41 20 des

1769 2324 162 23 domestiques,
1947 2328 53 15 vers
2015 2323 60 20 deux
2089 2323 84 20 heures
2189 2322 24 19 et
2226 2321 81 21 demie.

1770 2349 73 22 Alors,
1864 2349 18 20 il
1905 2348 47 20 alla
1970 2352 41 16 sur
2031 2348 25 20 la
2077 2347 80 24 pointe
2180 2347 41 20 des
2242 2346 65 24 pieds

1770 2375 87 20 fermer
1872 2373 14 21 à
1903 2373 34 21 clé
1953 2373 23 21 la
1992 2373 67 21 porte
2072 2373 28 21 de
2114 2376 27 17 sa
2156 2371 152 25 grand'mère,

1770 2399 38 25 qui
1827 2399 99 20 ronflait
1945 2398 145 21 doucement.

1798 2424 20 20 n
1840 2425 40 19 eut
1901 2428 33 16 un
1953 2423 59 24 petit
2032 2423 45 21 rire
2104 2423 28 21 de
2160 2421 149 22 satisfaction

1771 2450 125 20 sournoise.
1911 2448 21 21 Il
1947 2448 59 21 était
2019 2448 64 23 libre,
2097 2453 31 16 on
2142 2452 30 17 ne
2187 2448 21 20 le
2224 2447 73 21 déran-

1773 2475 74 24 gerait
1863 2479 49 20 pas.
1930 2474 21 21 n
1968 2474 97 24 pouvait
2082 2478 78 16 mener
2178 2472 15 21 à
2210 2472 54 21 bien
2289 2472 21 20 le

1773 2500 74 24 grand
1861 2500 78 25 projet
1953 2499 55 25 qu'il
2022 2499 110 21 caressait
2147 2498 81 24 depuis
2243 2498 66 23 long-

1772 2526 82 20 temt>s.

1799 2550 85 23 C'était
1901 2555 32 16 un
1951 2550 38 24 jeu
1997 2554 116 17 -nouveau
2127 2549 25 21 et
2168 2549 29 20 de
2213 2553 43 16 son
2273 2548 25 20 in-

1772 2576 102 21 vention.
1897 2575 21 21 Il
1938 2575 80 21 l'avait
2040 2574 100 25 imaginé
2160 2573 91 25 d'après
2277 2573 34 21 les

1773 2601 75 21 bribes
1868 2600 188 22 d'informations
2079 2599 54 26 qu'il
2169 2599 64 21 avait
2263 2599 49 21 lues

1772 2626 60 21 dans
1847 2627 34 20 les
1897 2627 123 23 journaux.
2037 2625 56 21 Cela
2108 2625 75 21 tenait
2199 2625 32 20 du
2247 2623 52 22 ciné-

1773 2657 40 15 ma
1828 2653 25 20 et
1868 2652 30 21 de
1915 2652 24 20 la
1955 2651 71 21 féerie
2040 2650 15 21 à
2070 2651 72 24 grand
2157 2649 116 25 spectacle
2288 2651 23 19 et

1773 2677 50 20 cela
1836 2676 122 25 s'appelait
1974 2676 23 21 la
2012 2681 82 19 guerre
2109 2676 39 21 des
2161 2675 110 21 Balkans.

1799 2702 22 21 Il
1834 2702 116 24 s'imposa,
1961 2706 60 20 pour
2033 2706 28 16 sa
2074 2702 57 20 mise
2145 2705 30 17 en
2189 2700 76 22 scène,
2280 2704 31 16 un

1774 2727 84 21 travail
1878 2727 158 21 considérable
2055 2728 23 19 et
2098 2727 68 24 qu'on
2183 2726 77 21 aurait
2280 2730 32 20 pu

1774 2753 73 21 croire
1862 2757 30 17 au
1908 2752 53 22 delà
1976 2753 29 20 de
2020 2757 37 17 ses
2072 2752 81 23 forces,
2168 2756 40 16 car
2222 2751 18 21 il
2255 2751 58 21 était

1774 2778 153 24 d'apparence
1941 2777 97 22 chétive.

1800 2803 37 20 En
1861 2804 90 20 travers
1971 2803 32 21 du
2026 2802 75 23 salon,
2121 2807 46 16 une
2191 2801 122 21 barricade

1775 2828 100 22 énorme,
1890 2828 60 20 faite
1963 2828 29 21 de
2007 2828 89 20 cha__cs
2112 2828 24 20 et
2151 2827 28 21 de
2196 2826 117 21 fauteuils,

1775 2853 125 25 flanquant
1914 2854 21 20 le
1949 2853 96 24 canapé,
2058 2852 134 25 représenta
2204 2853 25 20 la
2242 2856 57 20 gran-

1775 2875 141 25 d/redoute.
1929 2878 38 20 Un
1979 2878 49 21 tub.
2039 2877 54 25 qu'il
2103 2878 68 20 roula
2181 2878 29 21 de
2220 2877 24 20 la
2256 2876 57 22 saile

1776 2904 28 21 de
1823 2904 56 20 bain
1900 2905 24 19 et
1943 2903 55 24 qu'il
2019 2903 80 24 emplit
2119 2903 67 20 d'eau
2205 2907 56 16 avec
2281 2906 33 16 un

1775 2929 61 21 broc,
1850 2933 49 16 non
1915 2933 57 16 sans
1988 2929 52 20 tout
2058 2929 104 21 inonder,
2179 2927 134 25 représenta

1775 2954 23 21 la
1817 2959 56 15 mer.
1895 2955 47 20 Des
1961 2954 97 20 bibelots
2078 2958 33 16 en
2133 2953 49 21 bois
2205 2952 109 25 découpé,

1775 2980 39 24 qui
1831 2979 87 21 étaient
1938 2979 48 21 fort
2003 2978 67 23 laids,
2085 2978 60 21 mais
2163 2978 110 24 auxquels
2292 2978 21 20 le

1775 3005 54 24 père
1845 3005 77 21 tenait
1937 3009 89 16 comme
2042 3004 16 20 à
2072 3009 36 16 ses
2123 3008 66 20 yeux,
2205 3008 15 19 y
2234 3003 80 21 furent

1775 3030 45 20 mis
1839 3030 16 20 à
1874 3030 88 20 flotter,
1981 3029 105 24 figurant
2102 3029 34 20 les
2155 3029 100 20 bateaux
2285 3029 28 19 de

1776 3060 87 19 guerre.
1881 3055 34 21 La
1932 3055 61 21 terre
2009 3055 40 20 des
2066 3056 53 23 pots
2136 3055 28 20 de
2181 3054 80 22 fleurs,
2276 3053 24 21 ré-

1775 3081 94 23 pandue
1888 3085 45 20 par
1952 3079 116 25 poignées,
2087 3080 80 21 donna
2187 3084 31 17 au
2240 3079 72 24 grand

1776 3106 61 24 tapis
1861 3106 30 20 de
1916 3106 24 20 la
1963 3105 95 20 couleur
2079 3105 79 21 locale,
2190 3105 31 22 et,
2249 3108 51 16 com-

1775 3136 38 15 me
1826 3130 96 21 Francis
1937 3130 82 21 aimait
2034 3130 33 21 les
2080 3130 71 21 effets
2166 3130 29 20 de
2208 3129 74 24 neige.
2297 3129 16 20 11

1776 3161 30 15 en
1822 3156 78 20 obtint
1919 3160 34 16 un
1972 3154 48 22 très
2038 3155 74 21 réussi
2131 3159 55 16 avec
2208 3154 23 21 la
2252 3154 62 20 laine

1775 3180 79 25 puisée
1863 3181 61 20 dans
1933 3181 33 20 les
1977 3180 104 21 coussins
2091 3177 112 24 évèntrés.
2214 3180 37 20 Au
2262 3179 52 21 delà

1776 3206 30 20 de
1819 3206 24 20 la
1858 3210 51 16 mer
1923 3207 24 20 et
1963 3205 28 21 de
2006 3206 24 20 la
2045 3205 89 24 grande
2148 3205 103 23 redoute,
2268 3209 46 16 une

1776 3232 113 20 immense
1910 3230 121 25 pyramide
2051 3231 29 20 de
2100 3235 53 19 gros
2174 3229 69 21 livres
2260 3229 54 21 bien

1775 3256 75 23 reliés,
1867 3256 49 24 pris
1936 3256 59 20 dans
2013 3255 25 21 la
2055 3255 162 24 bibliothèque,
2234 3255 39 20 fut
2291 3254 24 22 la

1776 3281 123 21 forteresse
1919 3280 108 24 assiégée,
2044 3282 31 23 et,
2091 3286 31 15 en
2138 3279 77 22 même
2232 3281 83 23 temps,

1776 3306 23 20 la
1811 3306 112 24 basilique
1936 3305 30 21 où
1979 3305 136 25 Tempereur
2126 3305 78 21 devait
2216 3310 25 16 se
2254 3305 60 20 faire

1776 3336 136 16 couronner.
1925 3331 115 20 L'encrier
2052 3331 32 21 du
2097 3332 94 21 bureau,
2203 3330 41 25 qui
2256 3330 60 21 était

1777 3361 45 16 une
1833 3357 66 20 vaste
1911 3356 137 25 porcelaine,
2059 3356 23 20 la
2093 3356 121 20 surmonta
2225 3359 90 16 comme

1777 3381 74 22 dôme.
1863 3382 46 20 Sur
1922 3381 102 21 d'autres
2038 3381 69 20 livres
2119 3381 44 20 mis
2176 3385 40 16 sur
2222 3381 93 23 champ,

1777 3407 33 20 les
1829 3407 122 20 brise-bise
1972 3407 41 20 des
2042 3406 111 22 fenêtres,
2172 3406 80 20 furent
2282 3406 33 19 les

1778 3432 77 20 tentes
1874 3432 40 20 des
1935 3431 96 20 années.
2053 3431 21 20 Il
2092 3436 16 19 y
2128 3436 30 16 en
2179 3432 40 19 eut
2240 3430 76 20 même

1777 3457 179 24 quelques-unes
1980 3456 80 21 isolées
2082 3461 58 20 pour
2160 3456 34 21 les
2215 3455 88 21 choléri-

1776 3487 62 19 ques,
1849 3483 53 19 tant
1912 3482 96 20 Francis
2017 3482 64 20 avait
2090 3482 21 21 le
2121 3481 62 21 souci
2192 3481 30 21 de
2231 3481 71 21 l'exac-

1778 3507 81 21 titude.
1868 3508 62 19 Tous
1940 3507 34 20 les
1984 3507 97 21 bibelots
2091 3508 41 20 des
2141 3505 110 25 étagères,
2264 3507 52 19 tous

1778 3537 57 16 ceux
1857 3532 54 24 qu'il
1938 3532 84 20 trouva
2048 3537 41 15 sur
2117 3532 33 20 les
2178 3530 138 21 cheminées,

1778 3558 80 20 furent
1872 3556 89 25 alignés
1973 3562 30 16 en
2015 3556 109 22 colonnes
2135 3557 110 20 savantes
2258 3560 59 20 pour

1779 3583 87 23 figurer
1877 3582 33 21 les
1921 3582 134 24 régiments,
2067 3583 24 20 et
2103 3587 33 16 un
2146 3582 89 20 certain
2248 3586 56 16 nom-

1778 3608 47 23 bre,
1840 3607 183 25 préalablement
2039 3607 78 23 brisés,
2130 3606 187 25 représentèrent

1779 3632 33 21 les
1825 3632 105 21 malades
1944 3637 53 15 sous
2010 3632 40 21 les-
2057 3633 69 22 abris,
2139 3633 33 19 les
2187 3631 85 21 blessés
2285 3632 31 20 du

1779 3658 86 24 champ
1879 3658 28 20 de
1920 3657 95 21 bataille
2030 3658 25 20 et
2067 3657 33 22 les
2112 3656 92 22 mutilés
2217 3662 26 15 se
2258 3657 45 20 traî-

1780 3684 59 19 nant
1855 3683 60 20 dans
1930 3687 46 16 une
1989 3682 62 21 forêt
2066 3683 58 20 faite
2139 3686 55 17 avec
2209 3681 34 22 les
2258 3681 59 24 tiges

1780 3707 89 21 cassées
1884 3708 41 20 des
1938 3707 93 25 plantes
2045 3709 82 19 vertes.

1806 3733 103 21 Francis,
1927 3732 68 22 alors,
2011 3733 59 20 dans
2088 3733 21 21 le
2129 3731 93 22 cabinet
2237 3731 68 25 pater-

1780 3758 38 20 nel
1833 3758 191 20 semblablement
2040 3757 100 23 dévasté,
2153 3757 108 24 organisa
2275 3761 43 16 son

1781 3787 83 20 propre
1877 3787 68 20 camp
1955 3782 66 21 selon
2033 3783 22 20 le
2066 3782 76 21 même
2154 3782 67 25 style.
2234 3782 21 20 Il
2267 3782 38 20 tra-

1780 3808 91 21 vaillait
1881 3812 56 16 avec
1948 3812 63 19 rage.
2022 3808 31 20 et.
2064 3808 79 24 quand
2157 3808 51 19 tout
2220 3807 38 20 fut
2270 3806 35 21 dis-

1781 3833 55 24 posé
1848 3833 15 20 à
1875 3838 44 15 son
1930 3832 46 25 gré,
1989 3833 152 24 l'après-midi
2154 3832 58 21 était
2225 3831 94 22 avancé,

1782 3858 19 20 si
1813 3858 54 20 bien
1880 3862 51 20 que.
1943 3862 59 20 pour
2012 3857 90 22 donner
2112 3858 22 20 le
2146 3857 75 25 grand
2232 3859 87 22 assaut,

1782 3883 16 20 il
1814 3883 88 20 alluma
1919 3882 146 21 l'électricité.

1809 3908 20 20 Il
1845 3908 83 20 revêtit
1945 3912 44 16 son
2006 3909 104 20 costume
2127 3908 28 21 de
2171 3912 81 20 guerre
2272 3911 6 16 :
2297 3907 23 21 le

1783 3933 61 24 tapis
1860 3933 29 20 de
1907 3933 62 20 table
1984 3937 30 16 en
2030 3933 48 21 soie
2094 3932 90 23 brodée,
2202 3933 84 24 auquel
2302 3932 17 20 il

1784 3958 30 21 fit
1832 3958 40 20 des
1891 3959 65 19 trous
1973 3962 59 20 pour
2051 3963 27 17 sa
2097 3958 47 22 tête
2163 3960 24 19 et
2205 3963 37 15 ses
2259 3958 61 20 bras,

1783 3982 14 20 à
1814 3983 24 20 la
1853 3982 104 21 manière
1972 3983 41 20 des
2029 3984 102 24 ponchos
2146 3983 134 22 mexicains,
2296 3984 24 20 et

1782 4013 26 15 se
1822 4007 74 21 coiffa
1907 4008 57 20 d'un
1975 4008 109 24 plumeau
2098 4007 95 22 attaché
2206 4012 55 16 avec
2275 4012 46 16 une

1783 4032 124 21 cordelière
1919 4032 29 21 de
1960 4033 88 20 rideau,
2060 4033 20 21 n
2089 4034 89 20 -s'arma
2190 4033 29 20 de
2231 4032 23 20 la
2265 4037 43 20 pro-

1784 4062 41 20 pre
1847 4062 76 16 canne
1947 4057 15 21 à
1985 4057 97 25 béquille
2105 4058 93 21 d'ivoire
2225 4057 96 25 (reUque

1783 4082 107 21 vénérée)
1909 4083 29 20 de
1953 4082 40 21 feu
2007 4086 43 17 son
2065 4082 141 26 grand-père
2220 4083 31 23 et,
2264 4087 57 16 sans

1784 4108 115 23 attendre,
1905 4108 66 29 ^ivra
1983 4108 102 21 bataille.

1810 4133 85 20 Tirant
1927 4133 69 20 d'une
2032 4133 124 26 trompette
2194 4133 42 21 dea
2266 4138 55 16 sons
2330 4130 5 31 |

1785 4158 94 21 criards.
1897 4158 16 20 11
1929 4158 69 20 sortit
2015 4158 29 21 de
2058 4163 44 17 son
2119 4163 69 20 camp
2204 4159 23 20 et
2246 4158 76 21 ouvrit
2331 4163 4 16 i

1785 4183 33 21 les
1834 4183 116 21 hostilités
1964 4188 44 19 par
2025 4188 33 16 un
2071 4185 86 20 violent
2175 4184 39 20 feu
2232 4183 89 20 d'artll-

1786 4207 62 22 brie.
1864 4207 146 21 c'est-à-dire
2027 4212 30 17 en
2073 4209 96 25 lançant
2184 4208 16 20 à
2215 4208 23 20 la
2252 4208 70 23 vorée,

1786 4233 62 21 aussi
1866 4233 47 21 vite
1931 4233 55 24 qu'il
2003 4234 101 24 pouvait,
2120 4239 41 15 sur
2177 4234 34 20 les
2229 4234 80 20 retran-

1786 4258 121 20 chements
1922 4258 112 22 ennemis,
2050 4263 33 16 un
2100 4258 67 22 choix
2180 4259 30 20 de
2226 4258 96 20 bibelots

1786 4283 29 20 de
1835 4283 72 20 faible
1930 4283 130 21 dimension
2080 4288 23 18 et
2123 4285 33 20 les
2177 4284 52 24 plus
2252 4283 70 25 petits

1786 4308 40 20 des
1840 4308 69 21 livres
1923 4308 54 24 qu'il
1992 4309 64 21 avait
2070 4308 101 22 réservés
2185 4309 15 20 à
2216 4309 35 20 cet
2268 4313 42 16 usa-

1786 4338 34 19 ge.
1831 4334 32 20 Le
1876 4333 74 21 lustre
1961 4333 40 21 fut
2013 4334 47 23 tué,
2073 4335 60 20 ainsi
2146 4338 44 20 que
2201 4334 33 20 les
2247 4333 63 24 appli-

1786 4362 56 21 ques
1857 4358 30 21 de
1900 4358 25 20 la
1938 4358 120 21 cheminée
2073 4361 23 20 et
2111 4360 82 24 quatre
2208 4358 115 20 tableaux.

1814 4383 104 23 Francis,
1941 4384 153 23 poursuivant
2117 4388 44 17 son
2200 4385 121 22 avantage,

1786 4408 102 24 s'élança
1905 4408 15 20 à
1936 4408 96 22 l'assaut
2050 4413 54 18 STec
2122 4410 40 20 des
2179 4408 144 21 hurlements

1786 4438 119 19 sauvages.
1919 4434 46 20 Des
1977 4434 44 20 cris
2034 4435 81 21 sourds
2128 4436 24 20 et
2167 4433 110 21 lointains
2291 4433 32 20 lui

1788 4458 156 25 répondirent,
1959 4463 41 16 car
2015 4459 26 20 la
2054 4458 150 25 grand'mère.
2220 4458 104 21 réveillée

1788 4485 24 20 et
1827 4484 93 23 affolée,
1936 4485 54 19 tant
2005 4484 72 22 d'être
2092 4484 117 22 enfermée
2226 4488 43 20 que
2293 4484 30 20 du

1788 4514 114 18 vacarme,
1920 4509 79 24 tapait
2015 4509 29 21 de
2063 4511 77 20 toutes
2157 4514 38 17 ses
2215 4509 74 20 forces
2309 4507 15 22 à

1788 4534 23 20 la
1824 4534 72 25 porte.
1907 4534 97 20 Francis
2016 4535 39 23 n'y
2065 4536 48 23 prit
2123 4534 68 26 point
2203 4534 76 24 garde.
2291 4533 33 21 La

1788 4563 76 17 canne
1882 4560 79 22 haute,
1980 4559 18 20 il
2015 4560 127 21 renversait
2161 4559 33 21 les
2214 4563 110 20 ouvrages

1789 4584 99 21 avancés
1900 4586 23 20 et
1937 4585 33 20 les
1983 4585 84 23 tentes,
2080 4584 88 23 coulait
2177 4584 34 21 les
2224 4584 100 21 bateaux

1788 4611 24 19 eî
1829 4609 123 21 fracassait
1967 4609 33 21 les
2015 4609 53 22 files
2082 4611 29 21 de
2125 4609 97 21 bibelots
2239 4609 40 25 qui
2291 4609 33 21 lui

1788 4635 118 20 barraient
1920 4634 22 21 le
1956 4634 93 21 chemin
2062 4635 29 22 de
2104 4636 24 20 la
2142 4634 129 21 forteresse.

1814 4659 53 21 Ivre
1880 4659 29 21 de
1922 4663 45 18 son
1981 4659 110 23 hérolme.
2107 4660 16 21 il
2138 4659 130 21 n'entendit
2281 4663 43 20 pas

1788 4685 97 20 s'ouvrir
1899 4684 24 20 la
1939 4684 67 24 porte
2023 4685 108 21 d'entrée.
2148 4685 20 20 Il
2185 4684 65 20 avait
2262 4688 49 16 rem-

1789 4709 66 25 porté
1870 4714 47 16 une
1932 4709 96 21 victoire
2043 4709 123 22 éclatante,
2180 4709 24 20 la
2220 4709 105 20 t-e_truc-

1788 4734 51 21 tion
1851 4734 29 21 de
1894 4734 108 20 l'ennemi
2014 4733 58 23 était
2084 4734 128 23 définitive,
2224 4734 17 20 il
2252 4733 60 25 péné-

1789 4759 64 22 trait,
1869 4763 60 20 pour
1944 4759 34 23 s'y
1992 4758 61 21 faire
2070 4763 135 17 couronner,
2224 4758 59 20 dans
2302 4757 23 21 la

1789 4784 117 24 basilique,
1916 4787 31 17 ou
1957 4782 77 25 plutôt
2044 4788 41 17 sur
2094 4785 23 20 la
2127 4783 111 24 basilique
2245 4782 80 25 éparse

1788 4808 60 21 dans
1866 4808 42 21 des
1926 4808 57 20 flots
2002 4808 98 23 d'encre,
2118 4808 90 24 lorsque
2225 4812 38 16 ses
2282 4812 31 20 pa-

1789 4836 71 21 rents,
1873 4832 39 25 qui
1924 4833 137 23 rentraient,
2073 4834 25 20 et
2109 4838 44 20 que
2165 4837 36 16 ses
2212 4832 114 20 clameurs

1789 4858 29 20 de
1836 4857 117 24 triomphe
1972 4857 129 25 attiraient,
2117 4863 27 17 se
2161 4857 164 25 précipitèrent

1790 4882 60 21 dans
1860 4882 22 20 le
1894 4882 73 20 salon.

1816 4907 32 20 lis
1869 4906 150 22 s'arrêtèrent
2039 4908 125 25 stupéfaits
2189 4907 87 21 devant
2304 4906 21 21 le

1790 4936 99 20 carnage
1903 4932 29 20 de
1946 4931 50 21 leur
2009 4932 117 22 intérieur.
2141 4932 101 22 Francis,
2255 4931 70 21 coiffé

1790 4957 29 20 de
1832 4961 43 16 son
1889 4956 117 25 plumeau,
2020 4958 72 24 drapé
2107 4959 59 20 dans
2180 4961 44 16 son
2238 4956 87 22 rideau,

1790 4981 150 21 brandissant
1951 4986 28 16 sa
1993 4986 82 19 canne,
2089 4983 50 21 leur
2152 4982 100 24 apparut
2266 4982 59 20 dans

1790 5006 23 20 la
1823 5005 96 22 lumière
1931 5006 29 20 de
1971 5011 26 16 ce
2008 5006 40 24 qui
2060 5008 82 20 restait
2154 5007 41 21 des
2207 5006 118 24 ampoules

1790 5029 141 26 électriques,
1950 5030 85 21 debout
2052 5033 76 23 parmi
2145 5032 33 20 les
2196 5031 82 22 débris,
2294 5035 30 16 au

1790 5055 79 21 milieu
1880 5056 32 20 du
1923 5055 67 21 salon
2001 5057 103 25 saccagé,
2115 5060 89 17 comme
2216 5060 32 17 un
2259 5056 66 24 singe

1790 5079 144 21 •malfaisant.

1817 5104 21 21 Il
1853 5109 15 19 y
1882 5107 39 19 eut
1936 5109 33 16 un
1984 5105 86 23 silence
2085 5108 24 20 et
2124 5106 23 22 le
2162 5105 61 27 père,
2239 5105 42 22 fou
2297 5106 28 20 de

1790 5129 81 23 eolère.
1881 5134 25 16 se
1918 5134 50 16 rua.

1815 5164 29 5 —
1858 5154 60 20 Nom
1933 5154 29 21 de
1976 5155 69 21 Dieu!
2062 5156 129 22 hurla-t-11.

1815 5178 44 21 Les
1868 5179 82 24 poings
1958 5184 32 16 en
1999 5179 57 24 !"air.
2064 5180 171 26 congestionné,
2244 5181 17 20 il
2267 5180 58 21 étalt

1789 5203 21 20 si
1824 5203 94 21 terrible
1935 5208 43 20 que
1993 5205 103 24 Francis,
2109 5206 100 25 perdant
2223 5211 27 16 sa
2266 5206 46 20 coif-

1791 5228 58 22 fure,
1866 5233 26 15 se
1910 5229 75 24 rejeta
2005 5234 30 17 en
2054 5232 86 20 arrière
2160 5236 55 16 avec
2233 5236 34 16 un
2286 5231 39 20 cri.

1791 5252 20 21 n
1827 5253 64 20 avait
1905 5254 34 20 les
1954 5258 60 19 yeux
2028 5255 85 22 dilatés
2127 5260 43 21 par
2184 5256 24 20 la
2224 5260 64 20 peur,
2302 5255 23 22 la

1790 5278 89 20 bouche
1893 5279 101 23 o'jverte,
2009 5279 25 22 la
2051 5281 48 21 tête
2114 5281 98 21 inclinée
2229 5286 40 15 sur
2285 5280 27 22 l'é-

1790 5303 75 23 paule.
1882 5303 32 20 Le
1936 5303 54 24 père
2014 5305 117 25 distingua
2154 5310 46 17 une
2222 5306 103 20 affreuse

1790 5328 175 23 ressemblance,
1977 5329 17 20 il
2007 5328 125 26 frissonna,
2144 5335 36 16 ses
2194 5331 81 23 poings
2287 5335 26 16 re-

1790 5352 138 23 tombèrent,
1939 5353 17 20 il
1967 5354 82 22 devint
2059 5355 75 23 livide,
2144 5355 132 21 bouleversé
2283 5360 42 20 par

1790 5377 88 21 l'effort
1888 5378 55 23 qu'il
1953 5377 81 22 faisait
2045 5384 94 22 pour.se
2148 5380 112 20 contenir.

1816 5412 28 5 —
1857 5403 50 22 Toi.
1921 5402 142 25 bégaya-t-i!
2079 5406 68 20 d'une
2163 5405 52 20 voix
2231 5409 94 20 rauque.

1791 5427 40 23 toi,
1848 5427 26 20 tu
1891 5432 27 16 ss
1933 5428 29 21 de
1979 5428 24 20 la
2018 5430 67 21 veine
2101 5435 44 20 que
2162 5430 41 20 ton
2221 5429 61 21 frère
2300 5434 25 17 se

1790 5452 46 20 soit
1844 5451 97 22 suicidé!

1816 5477 30 19 Et
1863 5476 17 20 il
1896 5477 83 21 courut
1995 5479 135 21 s'enfermer
2145 5480 60 21 dans
2221 5484 43 15 son
2281 5479 32 22 bu-

1791 5506 56 16 reau
1858 5501 100 22 dévasté.
2053 5504 105 22 Frédéric
2172 5505 128 20 BOUTET.

2889 280 37 20 LE
2939 279 95 21 FROID
3046 277 55 23 QUI
3112 275 67 21 TUE.
3191 284 27 5 —
3230 274 20 20 A
3262 274 140 23 Scmergem.

2862 310 31 16 au
2907 306 101 19 hameau
3021 302 94 21 Hoetsel
3128 305 31 16 cn
3172 304 14 15 a
3200 298 81 22 trouvé
3295 299 21 19 le
3329 299 59 19 cada-

2863 335 39 16 vre
2915 330 29 20 dc
2959 328 98 21 Cami'.Ie
3073 324 143 24 Demuynck.
3226 324 25 20 41
3264 328 50 16 ans.
3327 323 62 20 domi-

2863 355 51 21 cilié
2929 354 15 20 à
2958 353 87 21 Eecloo.
3061 352 31 20 Le
3105 350 152 21 malheureux
3270 349 62 20 a\alt
3349 352 39 16 suc-

2864 379 79 21 combé
2956 379 15 20 à
2983 383 46 16 une
3041 376 135 24 congestion
3189 373 127 26 provoquée
3328 378 43 19 par
3381 373 22 21 le

2865 404 67 22 froid.

2866 516 36 47 A
2920 514 215 49 l'occasion
3158 510 69 48 des
3248 513 100 45 fêtes

2867 581 48 48 de
2931 581 99 47 Aoè'/
3050 587 41 38 et
3111 578 48 46 de
3175 577 149 47 Nouvel
3349 575 58 48 An

3422 270 86 27 chargé
3523 275 43 21 par
3581 276 43 17 son
3638 273 81 25 patron
3734 277 26 23 de
3773 279 51 22 falr.
3835 289 79 14 ,»*.,__.

3424 298 179 20 encaissements
3617 303 29 16 en
3661 300 57 21 ville.
3835 294 81 24 certain

3451 321 31 22 IC
3498 323 98 19 Mercier
3613 325 97 21 attendit
3724 329 150 32 vainement,
3886 347 31 18 „.

3554 372 44 21 :Ue.
3613 373 25 20 m
3653 374 54 21 chea
3720 381 41 18 sm
3775 360 84 39 SS^
3872 368 21 20 m
3905 369 14 24 à

3426 349 52 19 tour
3492 347 29 20 de
3536 351 41 16 son
3591 349 98 20 commis.

3704 381 2 14 ;
3720 381 41 18 son
3775 382 71 19 Ottrrm

3453 397 120 20 Llnfldèle
3596 399 100 24 employé
3716 405 33 18 est
3769 387 84 44 d__S_ï

3442 426 49 11 *_*n_r
3511 421 84 16 tcinr-h*
3617 423 20 14 la
3660 428 81 9 cnm,...
3763 429 20 8 _»_
3802 421 48 16 r^*V*

3865 418 55 24 «Prit

3427 422 64 20 avoir
3511 421 84 21 touché
3617 423 22 20 la
3658 428 84 19 somme
3761 429 26 21 de
3804 433 34 17 4io

3602 449 8 6 *
3636 448 20 21 le
3670 450 30 20 M.
3715 452 88 24 Mercier
3817 434 103 51 V^*-

3640 474 41 21 che
3701 476 29 21 du
3748 480 120 24 malftitan.
3861 472 7 17 1
3868 472 16 14 "

2867 655 117 54 5,000

2827 691 22 48 ï
2868 715 11 24 !

2986 652 62 18 gigots
3097 649 5 4 '
3118 649 67 19 depuis
3196 648 39 17 6.50
3248 648 16 16 >
3277 649 7 15 ',
3298 648 9 16 3
3320 648 30 19 kg.

2987 671 78 20 épaulée
3118 670 68 18 depuis
3197 669 15 15 b.
3214 677 22 4 —
3247 668 18 16 le
3278 669 7 15 1
3298 668 10 16 2
3320 668 30 19 kg.

2987 689 110 18 rums'-e*ck
3113 689 68 19 depu.s
3197 689 10 15 B
3215 696 21 4 —
3248 688 17 16 le
3278 689 7 15 1
3299 689 10 15 2
3320 688 31 19 kg.

2954 711 74 17 rendus
3044 714 12 12 a
3075 711 63 18 partir
3155 709 23 16 de
3195 709 73 17 samedi
3287 709 22 16 22
3328 709 80 15 courant

2648 774 101 103 &

2690 948 37 46 La
2740 948 79 46 Belle
2835 930 17 94 j

2641 1015 75 56 Lupe
2733 1013 86 47 Vêlez
2835 993 19 66 I

2939 758 202 50 Moutonnerie
3160 756 188 57 Campinoise

2992 817 18 19 t,
3024 820 35 13 rn.
3072 815 189 16 Salntc-Catbarlnr.
3274 814 11 15 9

2916 843 85 17 Profit»
3023 843 24 16 t.
3066 843 53 15 eet'.e
3137 840 51 17 orfte
3212 845 7 11 r
3228 849 24 8 ...
3258 839 110 21 ,::.onnrflf.

2346 1300 41 20 UN
2407 1299 218 21 OCTOGENAIRE
2642 1298 60 21 TUE
2727 1298 60 19 PAR
2816 1297 40 20 UN

2321 1324 87 21 AUTO.
2423 1334 27 5 —
2465 1323 55 21 Hier
2536 1328 52 16 vers
2603 1323 86 21 minuit
2703 1324 24 19 et
2740 1322 69 23 demi,
2826 1326 32 16 un

2321 1351 70 22 agent
2404 1349 28 21 de
2445 1349 73 24 police
2532 1349 28 20 de
2574 1349 22 20 la
2609 1349 21 20 3'
2645 1348 105 21 division,
2762 1349 96 22 passant

2320 1375 53 24 quai
2388 1380 30 15 au
2435 1374 53 21 Bois
2505 1375 28 20 de
2551 1373 171 22 Construction,
2740 1372 118 21 découvrit

2321 1400 13 20 à
2346 1400 84 23 l'angle
2443 1400 29 20 de
2485 1400 23 19 la
2522 1404 41 16 rue
2576 1400 68 19 Foret
2657 1398 158 22 d'Houthulst,
2826 1402 33 16 un

2321 1425 93 20 homme
2427 1424 86 21 étendu
2523 1428 56 16 sans
2592 1424 167 20 connaissance
2773 1427 30 16 au
2814 1422 33 21 mi-

2322 1450 45 20 lieu
2382 1450 38 22 de,
2427 1449 24 21 la
2467 1449 50 21 voie
2533 1449 114 25 publique.

2348 1474 145 21 L'infortuné
2509 1474 58 20 était
2586 1474 142 24 grièvement
2745 1472 74 22 blessé
2837 1472 23 21 et

2322 1504 30 16 ne
2367 1499 109 25 respirait
2490 1499 52 25 plus
2554 1503 44 21 que
2613 1499 143 20 faiblement.
2772 1499 31 20 Le
2818 1502 30 20 po-

2323 1525 63 20 licier
2397 1524 81 21 voulut
2491 1525 21 20 le
2523 1524 109 23 secourir,
2644 1525 61 20 mats
2718 1524 21 21 le
2754 1523 94 21 malheu-

2323 1554 55 16 reux
2394 1550 80 24 expira
2488 1554 96 20 presque
2599 1549 106 21 aussitôt.

2349 1575 32 20 M.
2396 1574 107 21 l'officier
2517 1575 28 21 de
2558 1574 72 25 police
2642 1575 114 20 Bauwens
2769 1574 28 21 de
2811 1578 37 16 ser-

2323 1599 49 22 vice
2384 1604 30 16 au
2426 1599 171 21 commissariat
2608 1600 27 20 de
2646 1600 24 20 la
2680 1600 66 24 place
2756 1599 32 21 du
2798 1599 51 20 Nou-

2324 1630 58 16 veau
2396 1625 96 21 Marché
2507 1629 46 17 aux
2569 1625 93 22 Grains,
2677 1624 101 24 prévenu
2795 1624 29 21 de
2840 1623 22 21 la

2323 1649 96 26 lugubre
2437 1650 127 22 trouvaille,
2581 1654 26 16 se
2623 1650 79 21 rendit
2718 1649 98 21 aussitôt
2823 1654 40 16 sur

2325 1675 31 21 les
2369 1675 61 21 lieux
2444 1676 22 20 et
2480 1675 30 20 fit
2525 1675 145 24 transporter
2682 1675 22 20 le
2719 1675 98 21 cadivre
2832 1679 30 16 au

2325 1699 69 25 dépôt
2412 1700 127 20 mortuaire
2557 1700 29 21 dc
2605 1699 23 21 la
2645 1705 41 15 rue
2704 1700 159 20 Saint-André

2325 1724 29 21 où
2370 1725 17 20 il
2403 1725 38 21 fut
2457 1729 102 17 reconnu
2575 1729 89 16 comme
2677 1724 68 21 étant
2760 1724 59 21 celui
2835 1725 28 20 dc

2326 1750 104 23 Adolphe
2442 1750 107 23 Quintin,
2559 1749 42 25 âgé
2613 1750 29 20 de
2652 1750 26 20 80
2690 1754 50 17 ans.
2749 1749 114 21 domicilié

2326 1780 40 16 rue
2380 1775 29 21 de
2422 1774 25 21 la
2459 1774 70 21 Forêt
2542 1774 158 24 d'Houthulst,
2715 1775 32 20 15.

2352 1800 38 21 On
2420 1804 100 20 suppose
2535 1804 44 20 que
2596 1800 23 20 la
2637 1800 95 20 victime
2750 1804 29 16 cn
2797 1804 55 20 rega-

2325 1825 76 24 gnant
2415 1830 28 15 sa
2458 1825 115 22 demeure,
2589 1829 14 16 a
2617 1823 37 22 été
2668 1824 92 22 écrasée
2774 1829 44 20 par
2832 1830 33 16 un

2326 1851 57 20 auto
2393 1854 41 17 sur
2445 1849 74 26 lequel
2532 1854 30 16 on
2573 1854 31 16 ne
2615 1849 96 25 possède
2723 1854 76 17 aucun
2810 1855 42 15 ren-

2326 1875 150 23 seignement.
2492 1875 31 21 Le
2537 1875 126 21 chauffeur
2675 1875 36 21 est
2725 1875 141 21 activement

2327 1900 130 21 recherché.
2470 1900 29 21 D.

2325 1936 159 44 HBB
2509 1938 181 33 AGORA
2711 1936 158 44 ■__■■

2418 1991 67 16 POUR
2505 1991 42 16 LE3
2571 1991 74 17 FETES
2665 1991 32 16 DE
2721 1991 63 16 NOEL

2408 2017 99 17 i-R/VXDF.
2531 2018 104 16 SEMAINE
2655 2018 33 16 DU
2709 2018 57 16 RIRE
2788 2018 5 17 1

2396 2074 406 51 BUSTERKEAT0N

2371 2166 182 49 ERNEST
2574 2164 256 53 T0RRENCE

2577 2227 50 17 dans

2399 2285 62 42 ^
2525 2308 120 38 D'EAU
2661 2307 135 39 DOUCE

2475 2352 124 20 (ARTISTES
2615 2353 121 17 ASSOCIES,

2467 2393 13 15 ■
2496 2394 6 12 :
2519 2390 47 16 -b-0
2580 2396 9 6 -
2604 2389 46 17 IblO
2665 2397 9 5 -
2686 2390 50 26 («/>'•'

2469 2423 146 32 ENFANTS
2632 2423 103 32 ADMIS

2359 2469 59 20 TUE
2436 2469 61 20 PAR
2512 2469 36 19 LE
2566 2468 94 21 TRAM.
2690 2479 28 4 —
2748 2468 57 21 Hier
2822 2473 52 16 vers

2334 2494 23 20 11
2371 2494 84 20 heures
2466 2494 32 20 du
2509 2494 55 24 soir,
2575 2494 31 19 M.
2616 2494 111 23 François
2737 2494 52 21 Van
2801 2494 72 24 Wyn-

2333 2519 108 24 gaerden.
2452 2518 30 21 né
2495 2523 30 17 en
2540 2519 58 20 1889.
2610 2519 112 20 habitant
2733 2523 43 16 rue
2790 2519 30 21 de
2831 2519 30 21 Ri-

2333 2544 120 23 baucourt,
2468 2544 34 22 86.
2531 2543 16 21 à
2573 2544 301 22 Molenbeek-Salnt-Jean.

2333 2574 30 16 en
2377 2570 133 20 traversant
2523 2569 62 21 cette
2596 2574 42 16 rue
2648 2573 60 20 pour
2720 2573 113 21 regagner
2847 2574 27 16 sa

2333 2595 116 21 demeure,
2460 2598 14 16 a
2488 2594 37 21 été
2539 2594 128 25 tamponné
2678 2599 44 20 par
2733 2599 32 16 un
2777 2597 62 18 tram
2849 2600 25 16 se

2333 2620 117 24 dirigeant
2464 2624 52 16 vers
2530 2620 23 20 la
2567 2620 94 21 Bourse.
2677 2620 30 20 Le
2722 2620 152 21 malheureux

2334 2649 15 16 a
2361 2644 38 21 été
2409 2644 91 25 projeté
2510 2645 81 20 contre
2601 2645 34 20 les
2646 2645 77 24 pavés.
2735 2646 38 20 On
2784 2650 25 16 se
2821 2645 41 25 pré-

2333 2670 72 24 cipita
2416 2669 14 21 à
2440 2674 44 16 son
2496 2674 100 18 secours,
2608 2670 60 21 mais
2680 2670 23 20 la
2714 2670 94 22 victime
2819 2675 43 17 ren-

2334 2695 37 21 dit
2397 2695 22 20 le
2446 2695 94 21 dernier
2556 2695 86 25 soupir.
2674 2696 32 21 Le
2721 2700 69 20 corps
2805 2700 15 16 a
2837 2695 37 21 été

2335 2720 133 24 transporté
2481 2720 15 21 â
2512 2720 23 20 la
2552 2725 97 20 morgue
2664 2721 32 21 du
2712 2720 118 22 cimetière
2846 2722 29 20 de

2335 2745 142 21 Molenbeek.
2497 2745 33 21 La
2548 2746 73 24 police
2638 2750 16 16 a
2670 2747 82 20 ouvert
2769 2751 46 16 une
2832 2751 30 16 en-

2334 2770 68 25 quête
2413 2772 25 19 et
2450 2775 14 16 a
2476 2770 62 21 avisé
2551 2771 21 21 le
2583 2771 109 26 Parquet.
2701 2771 29 21 D.

2466 2857 145 31 ENFANTS
2632 2857 103 31 ADMIS

2397 2927 26 27 A
2441 2928 96 33 partir
2553 2926 40 28 du
2609 2928 39 26 21
2666 2926 151 29 décembre

2534 2970 86 22 C'EST
2634 2971 48 22 AU

2376 3012 222 37 MAJESTIC,
2610 3012 87 32 boul.
2707 3012 40 32 A.
2759 3012 79 32 Max

2522 3065 63 25 QUE
2601 3065 91 21 PASSE

2395 3092 35 21 LE
2444 3091 74 22 PLUS
2532 3092 78 22 BEAU
2626 3092 193 21 PROGRAMME

2402 3130 229 85 L'ESCADRON
2660 3130 47 83 DE
2738 3130 73 83 FE1

2380 3264 68 17 N'OAH
2476 3264 83 15 nr.I.RY.
2590 3263 107 16 CHARLES
2727 3263 108 16 FARJICIX

2370 3285 74 18 George
2457 3284 150 17 BRANCKOFT,
2619 3284 34 16 (ta.
2667 3284 101 16 EMMETT
2780 3284 65 17 BACK

2404 3305 70 15 MARY
2490 3304 80 17 ASTOR
2583 3306 20 14 »t
2620 3304 81 16 FRANK
2718 3304 96 16 HOPPEK

2383 3338 28 15 ï'n
2422 3338 42 15 rra!
2475 3337 95 19 spectacle
2582 3341 47 15 pour
2640 3336 73 17 famille
2724 3338 19 15 et
2756 3337 79 17 enfants

2900 950 43 21 UN
2965 947 165 23 SINGULIER
3151 946 158 21 ACCIDENT.
3329 956 27 5 —
3376 945 39 21 Un

2875 976 104 21 tracteur
3002 971 148 23 automobile,
3172 971 96 21 conduit
3286 976 43 20 par
3351 970 64 22 René

2874 1000 26 21 C.
2913 1015 13 8 .,
2948 1000 28 20 de
2995 998 78 22 Gand.
3094 997 120 21 descendit
3237 997 23 20 la
3281 1001 80 19 rampe
3382 997 31 20 du

2876 1028 56 21 P31U
2944 1025 31 20 du
2987 1022 155 22 Pain-Perdu,
3152 1021 15 21 à
3178 1022 71 20 Gand
3260 1022 155 23 cts'tngagea

2876 1054 30 17 en
2924 1050 84 20 vitesse
3026 1053 42 16 sur
3083 1048 22 20 le
3124 1049 58 22 pont
3198 1046 138 24 Ste-Agnès.
3356 1046 47 21 Sou-

2876 1075 63 21 dain,
2957 1075 22 20 la
2994 1073 115 21 direction
3124 1072 33 21 du
3174 1073 102 20 tracteur
3291 1077 25 15 se
3331 1072 84 23 rompit

2877 1103 24 18 et
2918 1100 21 20 le
2954 1099 66 21 lourd
3038 1097 105 21 véhicule
3161 1098 82 20 monta
3258 1101 41 16 sur
3317 1096 21 21 le
3356 1098 46 19 trot-

2877 1125 46 21 toir
2940 1125 32 20 du
2987 1126 66 22 pont,
3070 1124 137 19 renversant
3223 1122 20 21 le
3261 1122 59 24 petit
3338 1121 79 21 Albert

2878 1149 108 22 Drubbel.
3001 1148 43 24 ftgé
3061 1149 29 20 de
3110 1147 24 20 13
3152 1152 50 20 ans,
3218 1146 139 21 demeurant
3376 1151 42 16 rue

2878 1176 41 19 des
2944 1175 113 20 remmes.
3079 1172 128 24 défonçant
3229 1172 20 22 le
3273 1172 100 25 parapet
3394 1173 25 19 et

2879 1200 120 24 projetant
3014 1199 15 20 à
3044 1198 59 21 l'eau
3120 1202 32 16 un
3169 1198 66 20 autre
3249 1196 90 24 écolier,
3353 1197 53 20 Mar-

2879 1224 35 22 cel
2931 1225 35 20 De
2981 1224 79 22 Witte,
3076 1222 43 25 âgé
3137 1223 29 20 de
3185 1223 24 20 13
3228 1227 50 16 ans.

2905 1250 33 21 Le
2954 1249 103 21 tracteur
3076 1250 63 18 resta
3158 1248 118 23 suspendu
3296 1247 124 22 au-dessus

2880 1275 29 21 de
2923 1275 67 21 l'eau,
3005 1275 83 20 retenu
3095 1277 54 23 .par
3168 1272 21 21 le
3208 1273 66 24 poids
3291 1273 28 20 de
3340 1272 24 21 la
3382 1277 25 16 re-

2880 1304 101 20 morque.

2907 1324 30 22 Le
2966 1323 60 24 petit
3047 1324 34 20 Dc
3102 1322 72 21 Witte
3198 1323 43 24 put
3270 1322 49 22 être
3349 1322 71 21 sauvé

2881 1349 179 25 promptement.
3075 1349 48 20 Son
3140 1349 122 21 camarade
3280 1353 30 16 ne
3326 1348 38 21 fut
3377 1352 44 21 que

2882 1374 141 25 légèrement
3037 1373 80 22 blessé.

3427 447 55 20 chez
3496 451 32 16 un
3542 447 70 20 client
3628 448 28 21 de
3670 450 30 20 M.
3715 452 88 23 Mercier
3821 444 99 31 ij.^Xf»'

3453 473 10 19 t
3482 472 14 19 à
3520 472 23 19 la
3560 476 12 15 r
3573 472 108 23 echerche
3701 476 29 21 du
3747 464 127 33 m_l._,£_?
3873 466 35 23 ollc
3906 474 14 17 «

3547 536 15 16 a
3579 536 86 19 rAKiiR
3680 539 29 16 de
3726 539 112 27 nom
3866 532 32 13 *****

3477 569 27 15 IV
3521 566 57 19 rUTS
3597 564 94 23 GRANDE

3548 595 8 15 I
3562 595 14 16 A
3589 595 57 16 PLUS
3660 596 185 28 SENSATIO.TXni.
3855 609 36 20 ^

3482 629 404 78 ATTRACTIONS

3522 714 39 31 LA
3582 715 86 32 PISTE
3687 717 161 41 LUMINEUSE

3619 753 33 16 tis
3668 756 110 20 projecttar*

3473 787 40 31 LA
3524 788 102 30 DANSE
3637 788 61 32 SUR
3709 790 40 32 UN
3760 792 142 38 PARTERRF

3473 827 40 31 DE
3532 827 129 32 TULIPES
3692 829 36 32 ET
3746 831 39 33 «E
3817 836 82 38 ROSES

3531 880 197 33 INNOVATION
3748 884 105 38 UNIQUE

3609 921 39 30 EN
3670 921 118 35 EUROPE

3505 964 105 17 KlWfllloDs
3624 965 23 16 d,
3662 965 44 18 Na»I
3719 969 17 14 ,1
3751 969 21 17 i,
3784 970 61 22 Sn|||
3857 975 24 18 ^

3471 1001 69 49 AU
3564 1002 182 51 MOULIN
3767 1006 138 58 ROUGE

3528 1068 32 16 ON
3575 1068 101 17 RETIENT
3687 1070 39 16 SES
3737 1071 85 20 TABI_SS.
3854 1078 46 17 IR|<|

2884 1497 357 63 Sensationnel
3264 1496 69 63 Ul

2934 1579 102 46 NOËL
3060 1585 48 39 ET
3131 1585 159 39 NOUVEL
3314 1585 54 39 AN

2886 1637 103 17 laisseront
3009 1637 18 17 le
3046 1637 87 17 meilleur
3151 1637 88 17 souvenir
3257 1640 38 14 aux
3315 1636 111 21 ménagères

2885 1658 32 19 qui
2934 1661 22 14 se
2973 1657 113 17 fourniront
3106 1656 12 17 à
3135 1656 20 18 la

3021 1688 276 34 BOUCHERIE

2888 1739 116 60 Pierre
3039 1739 59 60 DE
3130 1735 296 75 WIJNGAERT

3022 1816 18 18 9,
3057 1819 35 14 rue
3111 1815 182 17 Sainte-Catherine

2889 1841 23 17 où
2925 1841 28 18 les
2967 1842 80 17 viandes
3059 1841 85 17 fraîches
3158 1846 21 13 s»
3190 1842 96 16 vendront
3301 1841 12 17 à
3328 1842 63 20 partir
3405 1842 23 16 de

2890 1862 72 16 samedi
2981 1862 21 16 23
3019 1863 89 18 courant,
3125 1861 12 17 à
3157 1862 33 17 dos
3209 1863 42 19 prix
3268 1862 120 20 Incroyables
3406 1863 22 16 de

2889 1882 37 17 bon
2942 1881 84 18 marché.

2912 1908 49 17 6.000
2973 1909 29 18 Y.ft.
3015 1908 77 17 Roatbir
3113 1912 46 13 sans
3179 1911 21 14 os
3222 1907 12 18 à
3252 1908 39 17 4.50
3302 1907 18 18 le
3333 1908 31 19 1/2
3376 1907 30 21 kg.

2912 1928 50 17 5.000
2973 1928 30 19 kg.
3015 1928 44 17 Rdtl
3073 1929 23 16 de
3107 1932 48 12 veau
3170 1931 14 15 |.
3196 1932 21 13 es
3229 1929 11 16 k
3253 1929 38 15 '.—
3304 1928 17 16 In
3334 1928 31 18 1/3
3377 1928 30 20 kg.

2912 1949 50 17 6,000
2973 1948 30 20 kg.
3015 1949 44 16 RÔU
3073 1949 24 17 de
3110 1952 45 16 pore
3168 1953 14 12 s.
3195 1952 21 13 os
3229 1948 12 17 à
3253 1949 38 16 8.50
3303 1948 18 17 le
3334 1949 13 18 1,
3354 1948 10 17 a
3377 1948 30 20 kg.

2904 1974 69 17 Bouilli
3024 1974 46 17 1.251
3085 1974 101 19 Blanquet.
3205 1973 40 19 t.—
3269 1974 51 17 Lard
3389 1974 39 17 8.50

2903 1994 67 17 Haché
2985 1994 21 17 bf
3023 1995 36 16 1.7?
3063 1989 6 30 J
3085 1995 66 16 Haché
3168 1998 18 13 v.
3203 1994 40 17 3.75
3267 1995 57 16 Cotes
3345 1997 18 17 p.
3385 1994 39 17 7.60

2905 2016 81 16 Graine
3019 2015 49 21 -4.5CJ
3084 2016 66 16 Cuisse
3202 2015 39 17 8.-—
3264 2015 99 17 Saindoux
3386 2015 38 16 8.—
3429 2027 3 5 ,

2891 2042 76 17 Servies
2981 2043 67 19 rapide
3065 2044 18 16 et
3098 2041 64 21 soigné
3177 2042 12 17 à
3203 2042 94 17 domicile.
3314 2041 39 18 Tél.
3371 2042 59 17 1C0.79

3355 2062 55 19 (DU.
3414 2063 9 15 4

2919 2157 40 20 EX
2977 2156 297 22 CORRECTIONNELLE.
3292 2166 28 6 —
3337 2156 32 22 Le
3387 2156 31 21 tri-

2892 2181 71 21 bunal
2973 2182 167 21 correctionnel
3153 2182 28 21 de
3193 2182 71 21 Gand
3274 2186 14 16 a
3300 2181 132 21 ondamné

2893 2207 20 20 le
2926 2206 93 21 nommé
3029 2207 122 24 Raymond
3163 2208 112 20 Herman.
3286 2206 146 23 cultivateur,

2893 2232 115 20 domicilié
3025 2231 15 21 à
3058 2233 78 21 Cand,
3155 2232 14 20 à
3189 2233 24 19 18
3229 2233 58 19 mots
3306 2233 29 20 de
3352 2232 80 25 prison

2893 2261 60 20 pour
2970 2258 38 20 vol
3025 2261 56 16 avec
3099 2257 127 21 effraction
3246 2258 55 20 d'un
3318 2257 82 21 cheval
3418 2257 15 20 à

2894 2282 77 22 Gand,
2990 2283 54 20 d'un
3060 2282 38 20 vol
3116 2283 29 20 de
3164 2282 122 25 bicyclette
3302 2282 15 21 à
3338 2282 94 21 Melrel-

2894 2307 57 21 beke
2970 2307 25 22 et
3014 2307 37 21 vol
3068 2308 28 20 de
3116 2308 76 23 lapins
3211 2309 26 19 et
3256 2308 29 20 de
3303 2308 96 24 pigeons
3418 2307 14 21 à

2894 2332 77 20 Gand.

2921 2357 32 20 Le
2965 2357 93 21 nommé
3071 2357 62 21 Léon
3144 2358 108 24 Iîo-gaert,
3265 2358 27 21 de
3306 2358 77 23 Gand,
3394 2358 40 25 qui

2895 2382 80 21 l'avait
2992 2382 100 21 secondé
3111 2384 60 20 dans
3189 2384 61 19 cette
3266 2383 106 21 dernière
3391 2388 30 16 en-

2896 2407 104 25 treprise,
3017 2413 15 15 a
3047 2413 102 16 encouru
3169 2409 13 20 7
3200 2409 58 20 mois
3276 2409 29 20 de
3322 2408 86 25 prison.

2898 2535 100 66 Noël,
3030 2535 98 67 Noël,
3161 2536 84 59 Noël

2897 2634 37 17 Vos
2949 2634 107 17 succulent*,
3071 2635 65 17 dîners
3149 2635 24 17 de
3185 2634 46 17 Noé!
3245 2636 65 16 seront
3326 2635 33 17 des
3371 2634 65 18 dîners

2898 2658 22 12 c»
2932 2654 41 17 Roi.
2987 2655 114 17 Mesdames,
3114 2656 16 16 si
3142 2658 47 14 vous
3201 2655 82 20 profitez
3294 2656 23 15 de
3332 2655 18 17 la
3364 2655 72 19 grande

2897 2678 48 13 n-.:se
2961 2678 24 13 en
3003 2678 57 14 vente
3078 2675 23 17 de
3117 2675 61 18 20,000
3194 2675 61 16 beaux
3271 2676 62 18 g!got_.
3352 2675 23 17 de

2936 2708 41 32 LA
3001 2709 131 32 GRANDE
3152 2709 247 32 M0UT0NNERIE-

2963 2752 181 32 BOUCHERIE
3164 2752 208 32 SCHELFHGUT

2950 2790 17 18 1.
2987 2794 35 13 roc
3039 2790 90 18 Mebcns.
3146 2791 10 16 1
3176 2790 117 20 iTéléphone
3316 2791 68 17 ll'J.l)

2898 2817 19 16 eî
2934 2816 24 17 de
2973 2820 30 13 ses
3018 2817 119 16 ïuccursalea

2954 2845 34 30 La
3010 2845 148 30 Boucherie
3178 2845 202 31 Ste-Catherlne

2943 2881 28 21 tt.
2984 2883 58 16 Vieux
3054 2882 79 17 Marché
3146 2887 38 12 aox
3197 2883 78 18 Grains,
3288 2884 31 15 tri.
3334 2883 58 17 115.21

2927 2912 28 31 La
2975 2912 289 31 Boustigrie-Cl.srcu.Bi-ie
3278 2912 44 32 dss
3337 2912 69 31 Aines

2985 2952 40 17 41».
3045 2956 35 12 rna
3098 2953 23 15 dc
3138 2952 84 19 Merodc,
3243 2951 33 19 HL
3295 2953 61 15 4.I.6S

2900 2982 23 12 _•_
2941 2982 46 13 rea
3004 2983 52 12 ...:_
3072 2980 72 16 serv.es
3163 2978 53 17 «loa
3236 2982 33 14 vos
3286 2979 29 16 dé.
3320 2979 33 16 1rs.

3102 3005 62 16 VEAU
3185 3004 67 18 (fralal
3310 3005 103 17 MOtTON

3467 1128 150 20 ACCIDtNï
3635 1127 113 24 D'AUTO.
3766 1141 25 5 -
3806 1133 27 22 Le
3852 1130 79 34 m^

3440 1152 166 21 correctionnel
3620 1152 29 21 de
3663 1153 99 23 Verviers
3769 1161 17 16 a
3798 1148 133 34 condamné?

3439 1177 63 21 sieur
3523 1175 53 26 B...,
3598 1177 107 25 employé,
3727 1178 14 22 à
3761 1173 143 35 WcltenniSt
3918 1192 12 16 à

3441 1206 70 20 payer
3529 1206 30 16 au
3576 1203 135 21 cantonnier
3726 1208 119 22 communal
3859 1200 71 33 Maths!

3442 1230 47 19 net.
3506 1227 28 21 dc
3551 1226 125 25 Pepinster.
3690 1233 44 18 une
3748 1235 80 19 somme
3841 1235 24 22 de
3878 1227 53 31 MjbI

3442 1252 79 20 francs
3533 1251 14 21 9
3559 1252 54 21 Utre
3625 1253 28 21 de
3665 1254 246 29 dommages-inwrOtiB

3443 1277 69 22 avait,
3529 1281 54 16 avec
3599 1282 42 16 son
3658 1279 60 22 auto,
3733 1284 13 16 a
3760 1280 105 26 Pepinster
3882 1282 47 26 c___*

3443 1302 27 20 de
3485 1306 80 20 graves
3581 1302 109 22 blessures
3705 1320 13 4 _
3731 1305 30 20 M.
3774 1298 157 34 Mathonév^

3444 1339 66 20 Ciim
3524 1340 17 16 la
3556 1339 57 19 imm
3627 1339 71 20 hum
3714 1342 22 16 a.
3752 1342 127 24 tiuuoxt.
3891 1351 41 19 mu

3446 1373 48 15 It-co
3502 1376 24 12 r.-.
3532 1374 62 15 .ment
3620 1376 78 16 riinons
3719 1375 80 18 humldaa
3821 1381 30 14 oar
3871 1385 61 10 _.__>__.

3446 1395 18 15 «
3483 1392 77 21 plaqu.s
3580 1399 8 9 .
3612 1394 123 17 ASBESTILÏ
3753 1401 14 12 ..
3785 1404 19 5 -
3823 1389 109 28 CllAMUlï

3446 1412 77 20 KRIX.
3537 1413 11 16 i
3565 1413 64 17 Har.n
3648 1413 40 18 (tél.
3702 1414 54 17 Brux.
3769 1406 164 35 MLlurVÛSSiS

3472 1440 39 20 UN
3529 1440 142 20 INVALIDE
3688 1441 107 22 BLES9B.
3807 1453 25 7 —
3844 1445 31 22 Dn
3886 1448 39 22 Inn

3446 1464 45 22 lide
3511 1465 58 20 arsis
3587 1465 58 20 dans
3662 1469 43 18 une
3721 1466 108 24 charrette
3844 1470 47 23 Urée
3904 1461 30 34 où

3446 1493 31 16 un
3492 1489 67 21 chien
3576 1494 14 16 .1
3605 1489 36 21 (.té
3654 1491 101 21 renversé
3767 1496 39 21 par
3818 1498 30 17 un
3858 1497 45 23 auto
3911 1504 23 16 in

3446 1513 51 21 coin
3513 1514 28 21 de
3558 1514 102 22 l'avenue
3676 1515 148 28 Britannique,
3839 1519 13 21 à
3865 1522 69 23 Anrtii

3446 1539 77 21 Blessé
3544 1539 15 20 9
3579 1539 24 21 la
3624 1539 53 23 tête,
3693 1541 20 20 le
3731 1541 135 26 malheureux
3881 1552 11 16 i
3908 1550 26 19 _ii

3448 1564 130 24 transporté
3595 1563 15 22 à
3627 1564 100 25 l'hôpital
3742 1567 104 24 militaire.

3470 1593 74 17 -•RIME
3563 1593 30 19 DE
3612 1594 35 18 FB.
3664 1594 47 18 MM.
3727 1604 20 5 _
3765 1597 38 18 Cn,
3820 1601 62 19 rollurs
3896 1606 40 15 ,«•_.

3448 1614 66 17 mobll.
3528 1614 95 19 Oaklsnd.
3637 1615 92 18 Conduite
3742 1616 95 20 Intérieure
3847 1622 88 18 _.«______

3448 1635 24 17 do
3486 1635 76 16 couleur
3575 1634 54 18 bleue
3642 1635 70 19 foncée,
3727 1637 57 18 année
3796 1639 22 17 d»
3828 1632 107 25 mmMmSS)

3451 1655 46 18 1___.
3513 1659 9 12 a
3542 1668 7 3 _
3569 1654 97 21 portières,
3683 1655 54 18 malle
3751 1659 17 14 et
3782 1661 40 14 roue
3835 1659 20 18 de
3867 1649 69 30 r«K:

3449 1688 10 3 _
3472 1674 91 19 l'arriére,
3576 1676 78 19 portant
3664 1675 19 17 la
3695 1675 64 21 ptao.ue
3770 1677 22 17 de
3801 1679 66 18 rouisse
3874 1682 18 16 k.
3902 1685 28 13 i-,,

3449 1696 75 16 moteur
3544 1698 19 14 n.
3583 1695 60 17 11914.
3663 1698 19 15 ct
3701 1696 70 19 chéssli
3788 1701 17 14 n.
3823 1700 52 17 lité»
3894 1705 43 15 •___

3449 1715 10 16 3
3476 1718 59 16 pneus
3553 1714 100 20 Englehert
3672 1717 17 15 ct
3708 1716 8 16 1
3732 1719 46 17 pneu
3794 1719 85 20 ooodi'esr
3895 1727 9 12 s
3915 1725 21 15 i,_

3449 1734 53 18 volée
3517 1739 23 12 en
3556 1735 46 17 date
3614 1736 24 15 du
3653 1736 11 16 S
3676 1735 93 19 décembre
3781 1736 67 20 dernier
3860 1744 29 14 sus
3899 1747 30 12 tnv.

3447 1757 46 14 rons
3520 1755 24 16 dc
3573 1754 18 18 la
3620 1758 44 17 »«re
3679 1755 24 17 du
3718 1756 50 19 Midi,
3785 1756 11 18 k
3809 1758 80 20 Brustllei
3907 1763 30 17 l>,

3451 1775 121 20 récompense
3594 1775 22 17 de
3638 1776 25 16 Ir.
3685 1776 47 15 _.w>0
3750 1780 40 14 sera
3807 1778 62 19 allouée
3884 1785 27 14 car
3924 1775 13 25 ia

3451 1796 110 18 C'.>;iil»_:,:u.
3579 1795 134 18 d'Assurances
3727 1802 8 10 t
3749 1797 70 18 London
3832 1800 87 19 Ouatant.,
3931 1817 6 3 .

3451 1819 11 12 a
3476 1816 78 17 Anvers.
3570 1815 16 18 8.
3600 1814 52 21 place
3666 1816 23 16 de
3703 1815 18 18 la
3734 1817 86 20 Comédie,
3831 1818 10 17 é
3854 1819 16 18 la
3880 1825 50 15 pe-nm

3451 1838 25 14 n»
3497 1836 31 19 qui
3551 1837 109 15 retrouvera
3682 1836 18 16 la
3724 1837 69 18 voltur,
3815 1839 44 17 volé,
3878 1844 19 14 ou
3915 1844 23 16 toi

3451 1855 87 17 fournira
3559 1855 33 17 des
3609 1856 156 19 renseignements
3783 1860 100 17 permettsnt
3895 1857 44 22 AT.

3453 1876 103 15 retrouver.
3581 1875 51 17 Tous
3654 1877 153 18 re_isrl|rnememi
3825 1878 66 19 dtvront
3908 1882 30 18 è:-s

3453 1895 86 17 adressé.»
3555 1895 12 17 k
3582 1895 90 18 l'adresse
3688 1896 95 18 cl-dessus.
3891 1901 49 19 iDîîtl

3477 1921 42 20 UN
3531 1921 88 20 BŒUF
3631 1921 137 22 FURIEUX.
3779 1933 25 6 —
3813 1923 41 22 Des
3863 1927 76 23 ouvritn

3453 1946 184 21 reconduisaient
3658 1946 21 21 lc
3698 1946 68 21 bétail
3779 1952 41 17 aux
3836 1948 70 25 étables
3917 1953 23 23 du

3453 1971 135 21 Séminaire.
3602 1971 15 20 9,
3631 1971 166 24 Hoogs'.raeten.
3808 1973 52 22 Tout
3871 1975 12 20 à
3893 1981 42 21 coup

3452 1997 60 20 deux
3535 1996 76 21 bœufs
3632 1995 168 26 s'échappèrent
3819 1999 21 21 et
3857 2000 82 23 s'éiancé-

3453 2023 53 18 rent
3522 2033 14 8 _.
3551 2020 88 22 travers
3655 2021 32 21 les
3701 2026 55 16 rues.
3769 2022 29 22 Le
3812 2025 126 24 garde-chis-.

3453 2046 109 21 Lambert
3572 2046 52 20 W...
3635 2046 77 21 voulut
3724 2047 64 21 saisir
3799 2052 40 18 une
3849 2049 32 22 des
3890 2051 50 26 Mtea,

3454 2072 59 20 mats
3535 2071 107 21 furieuse.
3666 2071 86 21 ceLh-ei
3772 2077 24 16 se
3817 2074 42 24 Jeta
3877 2080 31 17 «ui
3924 2078 16 21 le

3454 2096 157 21 malheureux.
3629 2096 52 21 W...
3700 2097 84 25 projeté
3796 2103 37 16 sur
3845 2099 18 21 le
3876 2101 27 22 sol
3914 2102 27 23 fut

3453 2121 73 21 blessé
3540 2120 138 25 Brièvement
3691 2121 13 21 &
3717 2122 23 21 la
3754 2122 49 21 tête.
3815 2123 33 21 On
3857 2124 17 22 le
3883 2126 57 22 tm».

3454 2147 68 23 porta
3545 2147 120 21 d'ursence
3688 2147 14 20 it
3724 2147 102 25 l'hôpital
3844 2149 59 22 L'état
3917 2152 23 22 du

3453 2171 73 21 blessé
3540 2172 96 24 quoique
3651 2176 66 20 grave
3731 2173 56 21 n'est
3798 2178 38 20 pas
3846 2175 93 26 dé-etpéré.

3482 2209 19 21 A
3533 2209 173 20 L'OCCASION
3735 2210 52 21 DES
3816 2210 75 23 FETES
3913 2214 28 22 DE

3455 2235 80 20 NOEL
3554 2235 36 20 ET
3610 2234 166 21 NOUVEL-AN
3791 2240 50 17 VOUS
3856 2238 86 23 t-OUToa

3456 2264 45 16 aux
3531 2259 254 22 ETABLISSEMENTS
3814 2261 127 28 DEGELDRE,

3458 2285 44 21 1T3.
3513 2289 42 16 nie
3565 2285 29 20 d"
3606 2283 89 22 Laeken
3711 2285 73 21 (Porte
3789 2285 102 23 d'Anvers)
3902 2293 39 20 pc-ir

3457 2314 39 16 vos
3518 2311 56 18 cai.
3579 2311 89 20 EAUX:
3691 2314 31 17 un
3742 2311 62 20 choix
3824 2313 116 22 considérab'n

3457 2335 116 21 d'articles
3593 2340 5 15 :
3618 2335 96 23 Phonos.
3727 2335 84 26 disques
3827 2339 20 19 et
3861 2342 79 18 icceau-

3457 2365 43 19 res,
3513 2360 167 25 maroquinerie
3693 2360 49 21 tous
3753 2365 79 19 genres,
3843 2362 71 21 articles
3921 2364 19 22 de

3457 2388 93 21 voyage,
3578 2385 145 25 parfumerie,
3748 2386 40 20 ete.
3810 2387 47 20 Prix
3877 2387 64 24 définit

3458 2412 76 20 toutes
3554 2415 167 17 concurrences.
3741 2412 73 21 Crédit
3828 2412 62 23 même
3903 2416 39 20 ttm

3458 2436 68 25 qu'au
3541 2437 126 23 comptant.

3485 2461 87 21 Ouvert
3594 2461 132 22 dimanches
3746 2462 21 21 et
3787 2461 56 26 Jours
3857 2462 24 23 de
3897 2463 45 24 W*

3799 2488 126 21 >'Co__-i___iaéi

3484 2520 37 20 I_A
3542 2520 100 20 GRACE
3662 2520 39 20 DT'
3719 2521 102 20 PEPLOS
3838 2520 104 26 AîiTIQn,

3459 2545 23 20 la
3493 2545 91 21 solidité
3598 2546 28 19 de
3641 2546 111 22 l'armure,
3764 2546 20 21 le
3796 2545 44 21 chic
3851 2546 24 21 de
3885 2546 58 22 l'habit

3458 2570 115 21 moderne,
3590 2571 63 20 telles
3667 2571 53 19 sont
3733 2571 31 20 les
3778 2570 85 25 qualités
3874 2571 31 21 des
3914 2571 20 20 vê-

3459 2596 101 21 tements
3574 2596 75 21 Morse
3664 2596 137 25 Destrooper.
3836 2596 106 22 (Commua.)

3460 2636 42 60 Le
3533 2637 103 60 Dîner
3663 2637 41 60 de
3733 2628 97 69 NOËL

2904 3005 71 17 BtEtT
2994 3004 67 17 (frais)

2929 3025 18 17 le
2962 3025 30 16 1-3
3010 3025 40 16 kilo

2911 3046 71 16 n_i:in
3032 3046 38 16 i.as

2906 3065 67 17 Haché
3032 3064 39 18 17S

2908 3086 49 16 -arb
3031 3085 40 18 3.00

2909 3105 103 18 K._s»tr.-
3030 3108 40 14 s.^U

3116 3025 17 17 lc
3148 3026 8 15 1
3165 3025 15 16 1
3197 3025 39 16 kilo

3101 3046 48 15 ll._n
3157 3047 45 15 :'_et.
3220 3046 39 16 3.5

3096 3065 65 17 Haché
3220 3065 11 17 3
3238 3065 21 16 75

3102 3086 45 16 Kotl
3216 3086 40 16 5.-0

3101 3107 66 15 Cuisse
3219 3107 9 15 C
3237 3106 20 15 30

3326 3026 8 15 I
3339 3025 18 16 '3
3378 3025 40 17 kilo

3284 3046 76 18 R_£00:
3400 3045 40 17 3.50

3283 3066 71 19 Epaule
3400 3065 40 16 4.50

3282 3086 46 17 R.tl
3400 3086 40 16 SOO

3285 3106 58 19 G.got
3401 3105 39 17 C.50

2992 3133 110 17 Livie.iscns
3120 3132 77 20 rapides
3213 3132 11 17 i
3243 3132 95 17 ti.mie'.Ie.
3371 3131 67 18 (I.t85.

2363 3410 154 21 HO-iUCIDE
2536 3410 262 19 INVOLONTAIRE.—
2815 3410 63 21 L'été

2336 3435 93 21 dernier
2462 3439 33 16 un
2528 3434 172 21 automobiliste
2717 3434 29 21 de
2766 3434 111 25 Holanzy.

2336 3460 102 24 Georges
2453 3460 51 20 M...
2521 3460 63 20 avait
2599 3459 83 21 heurté
2698 3464 33 16 un
2748 3460 85 21 enfant
2848 3461 29 20 de

2337 3486 102 22 Musson,
2452 3485 24 21 et
2490 3484 110 21 continué
2614 3489 44 16 son
2673 3485 94 20 chemin
2783 3490 56 15 sans
2852 3490 25 16 se

2336 3510 90 21 soucier
2443 3510 29 21 de
2480 3511 35 19 'sa
2531 3510 73 23 petite
2617 3510 94 21 victime
2727 3511 40 24 qui
2781 3512 97 19 mourut

2336 3535 106 21 aussitôt.
2457 3535 35 21 Au
2509 3534 104 21 tribunal
2627 3535 169 21 correctionnel
2810 3536 55 20 d'Ar-

2338 3561 46 22 lon,
2400 3559 69 25 après
2484 3561 32 20 les
2532 3560 133 24 plaidoiries
2682 3561 29 20 de
2726 3561 35 20 M"
2781 3561 97 20 Hollen-

2338 3585 56 21 feltz
2413 3590 59 19 pour
2492 3584 98 22 l'accusé
2608 3587 25 19 ct
2650 3586 29 20 de
2697 3586 36 20 M*
2750 3586 128 21 Michaëlis.

2338 3616 58 19 pour
2430 3610 24 21 la
2483 3611 77 23 partie
2575 3610 73 22 civile,
2666 3611 21 21 le
2702 3611 126 21 chauffeur
2843 3612 35 20 est

2338 3635 130 22 condamné
2485 3635 15 21 &
2518 3636 59 20 1.000
2592 3636 80 20 francs
2689 3636 122 21 d'amende
2824 3637 25 20 et
2864 3636 15 21 à

2340 3661 70 23 15,000
2426 3661 80 21 francs
2524 3661 30 20 de
2571 3661 246 24 dommages-intérêts
2835 3666 31 16 en-

2339 3691 50 16 vers
2406 3685 34 22 les
2455 3687 97 23 parents
2565 3686 28 22 de
2607 3687 23 20 la
2645 3687 101 20 victime.

2414 3722 3 40 I
2430 3731 150 33 MONNAIE
2600 3744 13 7 -
2632 3732 157 32 VICTORIA
2801 3724 4 41 I

2380 3785 111 30 GRANDE
2506 3785 129 31 SEKAIKE
2651 3785 35 31 DE
2705 3785 137 31 FOU-RIRE

2414 3840 142 75 Laura
2574 3839 58 76 La
2654 3840 153 75 Plante

2450 3928 49 17 dans
2516 3932 35 13 son
2572 3929 42 18 plu*
2634 3930 61 16 jrand
2712 3932 67 14 SBCcea

2412 3965 166 56 Suzy
2600 3964 219 46 Soldat

2419 4031 67 31 Gl.nn
2498 4031 153 36 Tryon-Patsy
2666 4031 54 31 Bu!!,
2736 4031 75 31 miner

2589 4073 51 19 im

2414 4103 72 48 Plus
2503 4102 58 48 fort
2579 4112 54 47 que
2652 4103 161 57 Lindbergh

2500 4160 79 16 Grande
2590 4159 84 17 comédie
2687 4160 43 19 raie

2816 4181 32 17 (B..

2343 4198 40 23 «*
2403 4203 132 30 -IIIïeï.ssl
2551 4203 60 31 filn
2626 4218 9 5 -
2650 4202 91 32 Enfants
2755 4203 77 31 8dmis
2844 4200 5 21 '

2371 4251 94 22 JETJME
2499 4251 129 21 VOLEUR.
2647 4261 29 6 —
2695 4252 70 21 Louis
2780 4252 105 22 Joubert.

2344 4277 106 23 d'Athus.
2468 4276 92 21 ouvrier
2579 4278 94 19 d'usine»
2693 4277 90 24 malgTé
2800 4282 39 16 ses
2859 4278 25 20 19

2344 4307 43 16 ans
2399 4307 15 15 a
2426 4301 55 25 dé.à
2491 4302 98 20 commis
2602 4302 24 20 19
2636 4302 50 21 vols
2699 4303 60 20 dans
2769 4302 24 20 la
2804 4302 80 25 région

2344 4327 105 20 d'Athus.
2462 4327 20 20 11
2495 4332 16 15 a
2523 4327 38 21 été
2574 4327 131 21 condamné
2715 4332 59 20 pour
2785 4332 38 16 ces
2836 4328 49 20 vols

2344 4353 25 19 et
2382 4351 70 21 délits
2467 4351 15 21 â
2496 4353 83 23 quatre
2592 4356 43 16 ans
2648 4352 30 21 de
2692 4353 86 24 prison.

2925 3245 43 21 UN
2983 3245 178 21 DRSEP.TEUK
3179 3244 131 21 COMMET
3327 3242 42 23 DM
3387 3243 51 21 DÉ-

2887 3280 3 13 1
2899 3270 217 21 TOURN'EMENT.
3126 3279 28 5 —
3166 3269 38 20 Un
3217 3269 181 21 détournement
3410 3269 29 20 de

2887 3301 3 11 1
2898 3296 40 20 300
2958 3296 88 20 francs,
3067 3299 31 17 au
3116 3294 119 25 préjudice
3255 3294 29 21 de
3304 3295 33 19 M.
3354 3294 85 20 Smets.

2885 3319 8 22 t
2899 3321 29 21 de
2942 3321 23 20 la
2977 3325 43 16 rue
3035 3321 29 20 de
3076 3320 24 20 la
3113 3320 132 23 Casquette,
3258 3319 15 20 à
3286 3319 75 24 Liège,
3375 3324 15 15 a
3401 3319 38 20 été

2887 3339 3 18 1
2899 3346 98 20 commis
3015 3350 45 20 par
3077 3350 33 16 un
3128 3345 78 20 soldat
3221 3345 126 21 déserteur,
3364 3344 32 21 du
3415 3345 23 19 3*

2886 3374 4 24 !
2899 3371 141 21 d'artillerie,
3060 3371 95 20 caserne
3173 3370 15 20 à
3208 3370 24 20 la
3251 3370 150 23 Chartreuse,
3417 3369 22 21 le

2886 3399 4 18 1
2899 3396 95 21 nommé
3003 3396 110 23 François
3123 3394 127 24 Juiémont,
3260 3394 43 24 âgé
3313 3395 29 20 de
3351 3395 27 20 20
3389 3398 51 19 ans.

2899 3421 116 21 domicilié
3030 3421 15 20 à
3062 3421 74 23 Liège.
3152 3420 135 21 Recherché
3300 3424 44 19 par
3358 3420 23 20 la
3396 3424 30 20 po-

2900 3446 50 23 lice,
2968 3447 33 20 du
3020 3446 54 20 chef
3093 3446 28 21 de
3141 3445 125 23 désertion,
3286 3445 22 21 le
3326 3445 78 20 soldat
3424 3450 15 15 a

2899 3471 38 21 été
2955 3471 76 21 arrêté
3046 3471 15 20 à
3076 3470 74 25 Liège.

2922 3502 65 16 POITlt
3019 3502 45 16 vos
3097 3500 121 20 CADEAl'X,
3237 3505 146 13 a_.e_«--vous
3402 3504 37 14 aui
3448 3495 5 28 |

2900 3523 151 20 Maroçulnerjes
3065 3523 74 16 Locn.j.
3155 3522 109 17 fabricants
3278 3522 86 17 vendant
3378 3522 61 16 -irec-

2901 3544 72 15 _em»nt
2986 3546 25 13 au
3023 3541 67 19 détail,
3104 3545 38 13 aux
3157 3543 42 18 prix
3213 3542 24 16 de
3251 3545 51 16 gros,
3315 3542 34 16 des
3361 3542 79 16 articles

2900 3563 81 18 s_r!_ux,
2995 3562 27 16 du
3036 3562 86 16 meilleur
3139 3564 44 15 .."._:
3200 3563 18 15 ct
3233 3562 24 16 de
3271 3561 118 17 fabrication
3406 3565 23 15 ga-

2900 3583 70 16 rantie.
2983 3582 36 17 Les
3031 3582 152 19 Maroquineries
3194 3582 69 16 Loor.ls
3277 3581 44 17 font
3333 3582 33 16 des
3378 3581 62 20 pièces

2901 3606 33 12 sur
2951 3602 114 17 commande
3082 3605 20 13 ct
3117 3602 34 16 des
3169 3602 123 17 réoar_»!o"s
3310 3601 93 20 so'jnécs.
3418 3609 21 4 —

2901 3623 99 19 Magasins
3014 3625 5 13 :
3033 3623 15 15 A
3059 3621 104 18 Bruxelles,
3176 3622 59 17 lfl-18.
3246 3622 84 18 Passage
3342 3622 26 16 du
3379 3621 59 17 Nord:

2900 3642 29 18 35.
2939 3645 35 13 rue
2982 3642 27 16 du
3019 3641 217 17 Marché-aux-Herbes:
3252 3641 38 17 lll.
3300 3641 31 17 ch.
3343 3641 23 17 de
3378 3641 51 17 Char-

2902 3662 52 17 leroi.
2968 3663 14 16 A
2996 3663 73 16 Anvers
3083 3665 5 13 :
3103 3662 28 17 T8.
3145 3665 74 13 avenue
3233 3662 27 16 De
3272 3661 78 20 Keyser.
3364 3662 16 16 A
3391 3661 49 16 L_u-

2902 3684 45 15 vatn
2963 3686 4 12 :
2982 3682 28 18 59.
3025 3685 74 14 avenue
3112 3682 33 17 des
3160 3681 65 18 Alliés.
3382 3682 57 15 :.:..;

2929 3708 43 21 UN
2992 3707 229 22 INCORRIGIBLE.
3243 3717 27 6 —
3291 3708 20 19 A
3329 3706 113 22 Bévcrée-

2902 3733 108 23 Walmes,
3024 3737 30 16 en
3068 3731 55 21 août
3138 3732 100 22 dernier.
3254 3732 111 21 Lambert
3380 3732 62 23 W...,

2902 3758 27 20 48
2946 3762 50 17 ans.
3015 3762 56 16 sans
3089 3757 119 22 résidence
3226 3761 92 18 connue
3336 3762 31 16 en
3387 3757 41 21 Bel-

2902 3783 74 24 gique,
2995 3782 106 21 dérobait
3120 3787 33 15 un
3171 3782 51 21 vélo
3243 3783 28 21 de
3288 3782 87 21 valeur-
3387 3782 55 25 qu'il

2903 3808 119 20 baz.ird_.it
3040 3807 90 21 ensuite
3144 3812 58 19 pour
3215 3812 46 16 une
3275 3812 90 17 somme
3380 3807 49 22 déri-

2902 3834 67 20 soire.
2985 3832 171 22 Actuellement
3176 3832 87 22 détenu
3284 3832 15 21 à
3320 3833 23 20 la
3363 3832 79 26 prison

2903 3859 29 20 de
2946 3858 112 21 Verviers.
3071 3857 52 20 W...
3138 3858 39 24 qui
3191 3858 53 20 n'en
3256 3858 35 21 est
3306 3857 52 25 plus
3370 3857 16 21 à
3399 3862 42 17 son

2904 3888 59 19 coup
2978 3883 89 22 d'essai,
3083 3887 13 16 a
3114 3887 103 17 encouru
3233 3888 46 16 une
3297 3884 133 20 condamna-

2905 3908 50 21 tion
2972 3908 30 21 de
3019 3908 13 21 2
3048 3911 59 18 m:_s
3121 3907 30 22 de
3168 3908 80 24 prison
3266 3908 24 21 et
3305 3908 41 21 2G0
3363 3909 81 20 francs

2904 3933 129 21 d'amende.

2412 4420 154 49 MAINS
2597 4421 215 49 ABIMEES

2368 4485 108 23 Lèvres
2493 4485 127 28 gercées
2634 4487 30 21 et
2678 4486 28 22 la
2724 4487 138 27 Rugosité

2393 4534 10 9 .
2414 4518 36 22 ds
2465 4518 28 22 la
2509 4518 86 29 Peau,
2609 4519 208 27 soulagement

2485 4553 31 20 at
2528 4551 141 28 guérlson
2685 4558 56 22 par

2502 4593 229 47 PUROL

2381 4655 64 18 Baltes
2460 4656 25 17 fr.
2501 4657 9 17 4
2524 4658 19 15 et
2556 4658 44 15 :.:.0.
2614 4658 53 16 Dana
2681 4659 62 15 toates
2756 4657 28 18 les
2799 4658 66 20 pbsrn

2805 4679 65 17 (D483:

2370 4719 96 20 VINGT
2479 4719 57 20 ANS
2548 4719 40 20 DE
2602 4720 146 20 TRAVAUX
2760 4720 123 21 FORCES.

2345 4753 27 6 —
2384 4744 69 20 Jeudi
2465 4744 55 22 soir,
2530 4748 25 16 se
2567 4745 54 19 sont
2635 4745 112 21 terminés
2759 4745 87 21 devant
2860 4746 23 20 la

2345 4769 61 20 Cour
2419 4768 106 21 d'assises
2537 4769 32 20 du
2583 4769 112 23 Hainaut,
2709 4769 34 21 les
2752 4769 83 23 débats
2845 4775 25 17 re-

2345 4794 66 20 latifs
2425 4793 15 20 à
2453 4793 144 21 l'assassinat
2613 4794 96 21 commis
2722 4799 43 20 par
2778 4795 106 25 Adolphe

2345 4818 68 21 AMn
2422 4823 43 15 sur
2477 4818 24 21 la
2513 4822 114 21 personne
2640 4820 31 20 du
2683 4819 102 22 sabotier
2795 4820 87 26 Joseph

2345 4843 118 23 Damiens,
2476 4842 16 21 à
2506 4843 80 20 Ghlin.

2372 4868 40 19 Six
2430 4868 118 24 questions
2566 4869 42 20 ont
2623 4868 38 22 été
2679 4869 79 24 posées
2775 4874 32 16 au
2824 4870 59 24 Jury.

2346 4892 72 24 Après
2436 4893 30 21 de
2482 4892 97 24 longues
2597 4893 172 25 délibérations.
2788 4895 21 20 le
2830 4896 53 23 jury

2346 4922 13 15 a
2375 4917 109 24 rapporté
2501 4922 33 16 un
2552 4919 87 20 verdict
2652 4919 129 21 afftrmatif
2794 4924 41 17 sur
2850 4920 34 21 les

2346 4942 117 20 Questions
2478 4942 140 25 principales
2632 4945 25 20 et
2671 4943 104 25 répondu
2791 4945 80 24 négati-

2345 4968 93 19 vement
2449 4966 16 21 à
2479 4971 47 17 une
2539 4968 106 24 question
2659 4969 144 21 subsidiaire.

2371 4991 33 21 Le
2420 4991 120 23 ministère
2556 4993 77 24 public
2650 4998 17 16 a
2684 4994 78 24 requis
2777 4994 23 20 ia
2815 4995 67 24 peine

2345 5016 30 20 de
2391 5017 68 20 mort.

2371 5041 34 20 M*
2418 5041 125 21 Scannure
2555 5043 55 20 s'est
2623 5042 72 21 borné
2708 5043 15 20 à
2735 5042 110 26 lmplbrer
2859 5045 23 20 la

2345 5065 57 25 pitié
2414 5066 30 20 de
2458 5066 24 21 la
2497 5067 62 20 Cour
2570 5069 24 19 et
2606 5068 31 20 du
2651 5068 60 24 Jury.

2370 5090 69 21 Alv-in
2455 5095 15 16 a
2485 5090 38 22 été
2540 5092 129 22 condamné
2686 5092 16 21 à
2715 5093 65 25 vingt
2794 5098 44 17 ans
2853 5095 29 21 de

2346 5115 98 20 travaux
2459 5115 82 22 forcés.

2368 5152 31 16 .«ht
2425 5151 63 17 NOrS
2510 5153 131 17 TROMPONS
2666 5154 44 17 PAS
2732 5155 33 16 DE
2786 5155 93 18 CBE_I»

2366 5172 68 18 Lundi,
2454 5174 20 14 et
2491 5173 162 19 rappelons-nous
2670 5174 44 17 bien

2366 5192 35 16 Les
2416 5191 101 18 réveiUons
2531 5198 9 9 €
2555 5192 80 17 ROYAL
2650 5192 90 18 PALACE
2755 5198 10 12 a

2367 5213 51 15 ceux
2432 5215 37 15 que
2483 5211 72 19 Jamais
2568 5212 34 17 nul
2618 5216 25 14 ne
2657 5213 86 19 déposée.

2369 5232 49 16 Nous
2440 5234 78 15 aurons,
2537 5236 12 12 a
2571 5232 29 17 dlt
2618 5232 18 17 le
2655 5234 77 18 patron.

2367 5251 44 17 Plus
2430 5254 68 13 encore
2514 5254 37 17 que
2568 5251 70 18 l'antre
2654 5255 65 14 saison
2737 5256 6 13 :

2367 5271 108 16 Orches're.
2492 5270 68 19 chant,
2579 5271 66 19 danse,
2663 5273 96 19 surprises

2367 5291 56 17 Porte
2435 5290 23 16 de
2469 5289 126 21 Schaerbeek,
2607 5292 57 19 qu'on
2676 5296 21 13 se
2707 5292 18 17 le
2736 5293 41 17 d.se
2793 5293 5 16 I
2813 5294 68 17 (D340.

2372 5322 151 22 ACCTDENT
2538 5322 40 21 DE
2592 5323 138 22 TRAYAIT.
2746 5334 28 5 —
2790 5325 32 20 M.
2836 5327 33 19 Ar-

2347 5350 55 20 thur
2416 5348 98 21 Decorte
2527 5349 80 20 venait
2621 5349 113 21 chercher
2748 5350 32 21 da
2796 5352 83 20 travail

2346 5376 59 21 dans
2423 5379 47 16 une
2488 5374 73 23 usine,
2579 5374 15 21 à
2613 5376 148 24 Dampremy.
2780 5376 99 26 lorsqu'il

2346 5402 37 21 fut
2399 5400 87 25 surpris
2502 5404 44 20 par
2561 5405 45 16 une
2621 5405 64 17 rame
2703 5402 29 20 de
2750 5407 93 20 wagons
2850 5408 29 17 en

2345 5431 135 18 manœuvra
2492 5427 24 19 et
2530 5426 113 22 renversé.

2371 5454 31 20 Le
2420 5452 157 23 malheureux,
2595 5453 39 24 qui
2653 5454 36 20 est
2706 5454 87 22 atteint
2811 5455 68 22 d'une

2346 5480 102 20 fracture
2469 5478 31 21 du
2521 5479 77 23 crâne,
2619 5484 15 16 a
2651 5479 37 22 été
2705 5481 133 24 transporté
2864 5483 15 19 a

2345 5502 111 27 lhopItaL

3481 2735 143 16 MENAGERES
3661 2736 49 17 Pour
3727 2736 51 16 avoir
3794 2735 30 17 tm
3836 2736 63 17 v.andea
3909 2736 35 17 Irss»

3460 2755 46 17 ches
3521 2760 47 16 pour
3583 2760 6 10 »
3595 2760 19 13 o.»
3628 2756 64 17 dîners
3704 2757 23 16 de
3740 2755 49 20 Noël,
3803 2756 114 17 sdr__Hl»rssi
3927 2758 16 15 s

3460 2778 53 15 toute
3529 2776 101 17 confiance
3648 2775 12 19 à

3462 2813 36 46 la
3512 2811 207 54 BOUCHERIE,
3733 2811 211 48 l2.r.diFlaHn

3461 2876 38 19 qui.
3518 2878 24 14 au
3560 2875 57 17 SsJon
3638 2875 23 16 de
3680 2875 27 17 l'A
3709 2874 31 17 llir
3742 2875 41 16 rata
3785 2874 41 19 Uon,
3841 2877 10 14 l
3865 2874 53 16 «Mai
3931 2873 12 17 M

3463 2896 68 18 [■■;*■_■-'..--
3535 2900 8 11 e
3568 2899 45 13 avec
3632 2895 87 17 uedaiHc
3740 2898 27 14 or.
3785 2894 45 18 Vous
3848 2896 11 17 y
3873 2894 71 17 trowerd

3462 2910 87 24 toujours
3563 2915 27 17 les
3602 2918 99 13 morcevux
3713 2915 26 17 les
3751 2914 39 21 plus
3799 2914 36 17 Ans
3846 2917 31 13 sai
3886 2916 31 17 pra
3926 2912 19 19 kt

3462 2935 42 20 plus
3524 2937 126 18 avantAfeuz.

3483 2956 42 16 Vne
3541 2956 56 16 visite
3613 2955 71 17 suffira
3704 2955 18 16 et
3738 2958 43 13 tous
3796 2954 99 16 eoMUttrit
3909 2955 35 14 «a-

3461 2975 43 18 bien
3526 2978 47 14 tous
3594 2978 70 17 pouves
3681 2974 76 18 réaliser
3776 2974 22 17 6»
3813 2973 78 18 MLéflMs
3904 2976 17 13 «
3936 2974 9 16 T

3462 2996 74 17 faisant
3550 2999 33 13 vos
3600 2995 74 17 achats.
3904 3004 9 4 -
3914 2995 8 12 4
3925 2996 10 11 '-
3938 2993 5 14 1

3488 3022 141 26 DISFARlf
3631 3028 52 20 ION
3698 3025 186 26 INQVIÊTANTL
3894 3034 20 7 -
3924 3024 21 22 U

3462 3057 123 20 marqueur
3597 3053 26 20 B.
3635 3052 103 24 B...,6gé
3751 3052 26 21 de
3789 3052 23 20 55
3824 3055 42 19 ans,
3877 3051 59 20 demeu-

3462 3080 56 18 rant
3535 3082 42 17 rue
3594 3078 29 21 de?
3642 3078 23 20 la
3685 3077 148 23 Pacification,
3849 3075 14 22 à
3878 3076 67 22 Amr*

3462 3108 15 16 a
3488 3102 75 26 quitte
3573 3108 27 16 sa
3612 3104 96 22 maison,
3720 3102 16 21 il
3748 3107 14 19 y
3772 3106 14 17 a
3797 3101 91 26 quelçua
3895 3100 51 25 J0tf\

3463 3129 77 20 disant
3557 3129 53 24 qu'il
3627 3128 66 21 allait
3704 3133 25 16 se
3742 3131 72 21 noyer.
3827 3126 69 25 Depuii
3908 3124 36 25 k^

3461 3153 17 21 il
3495 3154 38 20 n'a
3550 3153 52 25 plus
3618 3152 37 22 été
3669 3158 29 16 vu
3713 3152 59 22 nulle
3787 3152 53 25 part.

3483 3184 33 16 ON
3535 3183 64 18 ACBA
3615 3183 60 17 BEAC
3695 3184 72 17 FAIRE.
3781 3184 13 16 11
3810 3183 28 19 n'y
3851 3185 10 14 I
3874 3185 28 14 *»t
3911 3179 32 18 IT»

3465 3203 121 18 «MCR1CAN
3607 3204 99 17 orTICAt
3725 3205 30 19 qui
3772 3204 57 20 puisse
3842 3206 38 14 TC.J1
3893 3202 50 17 trai?

3461 3225 24 16 û*
3498 3225 72 16 bonnes
3584 3225 89 17 lunette».
3889 3219 53 20 IfUM

3460 3250 34 17 Les
3508 3251 88 16 Grandes
3607 3250 122 18 Chemiserie*
3743 3250 88 16 Amerlrtn
3841 3248 55 20 Bltse,
3904 3246 38 17 Bnrf

3461 3270 138 18 OtXYVAHDE.
3609 3271 102 18 fabricant,
3723 3271 24 17 4J.
3757 3273 32 13 me
3798 3274 29 12 gn
3836 3269 87 16 Cbaitma.
3929 3268 14 14 «

3460 3290 28 18 32.
3499 3294 34 13 rue
3544 3291 34 17 des
3590 3290 92 17 Colonies.
3694 3290 33 17 Les
3738 3289 84 18 chemises
3832 3291 16 14 et
3856 3287 88 27 eluues«t*J

3461 3314 47 15 pjur
3528 3310 92 19 hoRitriM.
3638 3310 105 20 fabriquées
3763 3313 22 14 en
3804 3308 62 17 tnxxU
3882 3305 62 19 •*"**

3460 3330 84 17 rendues
3559 3331 124 16 directement
3696 3334 34 17 par
3741 3330 18 17 le
3771 3329 86 18 Jabrietai
3867 3330 20 14 M
3895 3326 49 20 !*■*

3461 3353 45 14 îanï
3523 3354 73 13 aucuns
3612 3350 153 17 !nte:mecl!a!ret.
3781 3349 45 17 Vous
3841 3351 10 16 T
3864 3347 44 17 tt-Xt.
3917 3347 27 14 **»

3459 3370 97 17 économie
3567 3370 23 17 de
3601 3371 22 16 40
3634 3373 19 14 *,
3665 3374 32 14 sur
3706 3371 27 16 les
3742 3370 39 19 prix
3790 3367 87 19 dtfuantUs
3884 3366 59 26 sOaUWJL

3459 3390 27 17 La
3502 3390 42 20 plus
3558 3390 51 19 Fort*
3622 3392 56 16 vente
3692 3389 104 21 spécialisée
3806 3388 23 18 du
3840 3390 41 17 pars»
3896 3385 47 27 ■pp»

3523 3458 381 58 NÉCROLOGIE

2936 3993 481 47 3AyQNDRQv

2950 4046 22 22 A
2977 4046 116 29 partir'.du
3102 4050 135 27 re-jensneF
3246 4047 140 29 prochain

2947 4072 29 25 Io
2984 4072 129 34 npuvt^le
3122 4068 168 31 lepiûsoifan
3300 4080 84 25 poew

2946 4099 12 23 1
2964 4101 131 22 b_i_ten__o-i
3105 4099 33 23 de
3145 4107 52 17 ncs»
3205 4104 107 27 primes
3325 4108 59 16 sepa

2947 4124 169 33 applicable
3133 4125 248 27 indisiinciemerJ
3395 4143 5 5 ■

2999 4160 18 18 a
3031 4153 71 24 tous
3109 4151 48 25 IeA
3172 4154 81 23 bons

2942 4182 34 19 Eg
2983 4182 119 19 POalBADC
3116 4183 181 18 OCPgNKOVEN
3307 4185 97 17 AMVEPS

2933 4230 240 21 INDELICATESSE.
3183 4242 27 5 —
3223 4232 36 20 En
3271 4237 64 16 mars
3347 4232 99 25 dernier,

2906 4256 108 20 Lambert
3028 4255 62 22 W...
3104 4255 91 22 ouvrier
3208 4261 30 16 au
3253 4257 93 21 chemin
3359 4257 29 22 de
3401 4258 44 23 fer,

2906 4279 114 22 domicilié
3039 4280 15 20 à
3072 4280 113 23 Verviers,
3192 4283 145 23 empruntait
3343 4281 14 22 à
3365 4287 33 16 un
3416 4283 29 21 de

2905 4309 36 16 ses
2959 4309 158 20 compagnons
3137 4305 30 22 de
3183 4307 85 20 travail
3290 4312 46 16 une
3356 4312 89 16 somme

2906 4330 90 24 globale
3017 4330 29 21 de
3061 4330 60 21 3.600
3140 4330 81 21 francs
3238 4332 55 25 qu'il
3311 4333 88 24 promit
3416 4333 29 21 de

2907 4355 145 20 rembourser
3074 4359 43 20 par
3140 4356 158 21 mensualités.
3322 4358 43 20 Les
3387 4358 59 21 mois

2905 4379 151 21 s'écoulèrent
3078 4384 57 16 sans
3157 4385 46 20 que
3228 4381 21 20 le
3275 4382 95 25 prêteur
3380 4385 66 22 reçut

2907 4405 21 21 le
2945 4405 106 21 moindre
3073 4406 89 23 argent.
3181 4406 156 26 Finalement,
3357 4408 89 25 plainte

2906 4430 39 20 fut
2958 4429 103 25 déposée.

2932 4455 46 20 Par
2998 4455 89 21 défaut,
3108 4454 23 22 le
3152 4456 103 22 tribunal
3277 4458 168 21 correctionnel

2906 4480 30 21 de
2953 4480 105 20 Verviers
3075 4479 65 21 vient
3155 4481 30 21 de
3201 4482 145 22 condamner
3361 4483 53 21 W...
3431 4483 15 21 à

2906 4509 46 16 une
2966 4504 68 24 peine
3046 4505 28 20 de
3088 4505 14 20 8
3115 4505 60 21 mois
3190 4506 30 21 de
3232 4507 79 24 prison
3326 4509 23 20 et
3362 4509 40 20 260
3416 4508 29 21 fr.

2907 4529 127 21 d'amende.
3053 4530 48 20 Bon
3119 4531 141 21 arrestation
3279 4533 135 22 Immédiate
3431 4539 15 15 a

2906 4554 37 21 été
2957 4554 123 21 ordonnée.

2928 4599 208 63 PORTO
3170 4602 256 65 B0DEGA

2907 4683 19 16 la
2937 4686 79 16 marque
3027 4683 19 17 la
3058 4683 42 20 plus
3111 4685 94 17 ancienne
3215 4686 24 17 de
3250 4686 97 21 Belgique,
3357 4687 89 20 toujours

2907 4703 90 18 garantie
3016 4703 93 17 A'ori-ia*
3126 4706 19 15 ci
3162 4705 24 17 de
3205 4707 51 18 quai,
3259 4707 19 16 té
3297 4708 78 16 choisie.
3396 4709 49 15 Pou-

2907 4725 33 14 vos
2961 4722 101 21 emplette*
3079 4727 24 13 eu
3124 4727 36 14 rut
3178 4724 34 19 -les
3231 4726 50 18 Htea
3299 4727 23 17 de
3340 4727 100 18 décembre

2909 4742 146 17 adre^ea-vous
3077 4746 39 13 aux
3141 4744 117 19 différentes
3280 4748 121 16 suceursjles
3423 4749 20 15 et

2907 4762 67 19 depô-.s
2993 4766 25 13 ou
3035 4766 26 14 au
3077 4764 50 18 s'.et*
3146 4765 61 17 social
3225 4767 21 15 d_

2920 4796 65 32 THE
3004 4797 225 34 CONTINENTAL
3248 4800 131 33 BODEGA
3399 4802 34 31 C

2906 4840 51 17 Vons
2967 4843 13 17 r
2992 4841 99 16 trourerei
3102 4844 26 13 nn
3139 4841 57 18 choix
3208 4844 23 16 ee
3242 4844 88 19 PORTO.
3342 4846 102 18 SHERRY.

2907 4860 104 18 UADERÏ.
3022 4861 161 17 CHAKPAONIS
3195 4865 19 15 et
3225 4866 66 16 autres
3301 4866 43 16 Tins
3356 4867 32 18 «ul
3399 4870 45 12 n__.

2906 4882 46 15 sent
2966 4884 28 16 s»
3010 4880 89 20 atfisler
3115 4882 20 15 et
3151 4883 33 19 qui
3199 4887 29 15 ar
3244 4885 85 16 Tendent
3346 4889 36 16 par
3398 4886 47 17 bou-

2907 4900 61 17 teilies
2985 4903 38 14 airx
3041 4900 109 18 conditions
3167 4901 28 18 les
3212 4903 43 20 plus
3276 4906 146 19 arantaeeusea.

2928 4926 55 20 8:ege
2996 4926 60 17 social
3073 4930 6 12 :
3096 4926 28 19 M,
3140 4927 103 19 bculerard
3259 4929 61 18 Emile
3336 4931 107 20 Jacimaln,

2905 4945 99 18 Bruxrlles
3024 4945 123 19 Succursales
3165 4947 12 17 k
3195 4948 99 20 Bruxelles
3313 4954 6 14 :

2982 4972 17 19 2,
3017 4972 41 17 Rue
3075 4972 24 17 de
3115 4972 94 19 Lourain.

2972 4992 27 18 2_.
3017 4992 77 16 Galerie
3111 4992 27 17 du
3155 4993 36 17 Rti

2982 5012 16 18 2,
3017 5011 40 17 Rue
3078 5012 24 17 de
3120 5012 79 19 Namur.

2981 5031 18 20 S,
3014 5032 76 16 Avenue
3104 5032 24 16 de
3140 5033 20 16 la
3172 5034 72 18 Toison
3259 5036 53 18 d'Or.
3386 5038 56 17 (BUM.

2929 5063 84 21 DEUX
3029 5063 156 23 IVROGNES
3196 5066 82 22 FONT
3292 5069 61 22 UNE
3368 5070 63 21 CHU-

2904 5087 44 22 TE.
2963 5098 28 5 —
3007 5087 80 21 Allant
3103 5088 54 22 bras
3174 5091 81 22 dessus
3272 5093 54 22 bras
3343 5095 101 23 dessous,

2904 5117 30 16 en
2951 5112 111 24 titubant,
3079 5113 60 21 deux
3156 5115 116 25 pochards
3288 5120 155 21 traversèrent

2903 5137 22 20 le
2943 5138 59 23 pont
3023 5137 28 22 de
3070 5138 24 20 la
3116 5138 144 27 Dérivation,
3280 5142 16 22 à
3317 5144 74 25 Liège.
3411 5145 31 21 Le

2905 5163 61 21 tram
2982 5162 51 21 vint
3053 5164 16 19 9,
3088 5167 87 20 passer,
3194 5170 27 17 ce
3240 5168 40 24 qui
3300 5169 90 24 obligea
3410 5170 33 21 les

2903 5187 60 20 deux
2979 5187 106 20 hommes
3099 5187 14 20 à
3129 5188 23 21 la
3169 5191 97 23 marche
3281 5198 45 20 peu
3343 5194 93 21 assurée

2903 5210 15 21 à
2935 5212 60 20 faire
3011 5216 32 16 un
3062 5211 71 22 écart.
3147 5214 45 21 Les
3208 5217 61 21 deux
3285 5218 157 25 inséparables

2904 5236 114 23 pochards
3035 5236 131 23 tombèrent
3181 5242 118 22 ensemble
3314 5249 41 16 sur
3371 5245 22 20 le
3407 5245 35 20 sol

2903 5262 23 19 et
2941 5265 26 17 se
2978 5260 128 22 blessèrent
3120 5267 63 17 assez
3197 5269 143 20 gravement.
3355 5270 33 20 Ils
3401 5271 41 19 ont

2902 5285 32 21 dû
2946 5285 50 22 être
3009 5285 92 25 soignés
3114 5286 16 21 9
3145 5288 106 26 l'hôpital
3265 5293 29 21 de
3311 5294 104 21 Bavière.

2904 5341 5 8 ,
2925 5322 33 29 °ï
2981 5322 44 17 E5T
3042 5321 47 30 22?
3087 5321 39 19 MO
3125 5323 47 28 ÎS«
3192 5325 106 21 CERTAIN
3321 5332 23 16 de
3365 5333 77 16 trouver

2912 5346 9 12 e
2934 5342 96 17 vêtement
3041 5342 75 18 d'hleer
3127 5344 84 21 eUjant,
3224 5348 61 17 solide
3296 5351 19 16 et
3328 5350 39 17 tr*.
3382 5336 59 32 ..."

2904 5363 70 18 tefeux
2991 5365 24 13 en
3033 5362 120 19 sadr_s.nl
3173 5366 12 16 k
3203 5367 19 16 1.
3244 5367 78 19 Grande
3342 5370 99 19 Fabrlqae.

2903 5381 28 19 20,
2948 5385 34 13 rue
2995 5382 24 16 fie
3033 5382 19 17 la
3069 5382 140 21 Vlerse-Nol.e.
3373 5382 68 27 uxtoi

2928 5412 140 22 INFIDÈLE
3082 5415 149 24 EMPLOYÉ.
3247 5431 27 5 _
3291 5422 93 25 Occupé
3399 5424 42 21 de-

2901 5441 126 37 5w-ïh.
3019 5443 13 19 q
3028 5468 12 10 .
3034 5443 15 16 U
3050 5443 25 35 5
3086 5443 29 35 *S
3112 5444 24 16 m
3137 5441 24 30 "^
3160 5446 17 15 n
3178 5456 7 6 *
3184 5447 18 16 a
3199 5468 14 10 _,
3224 5449 13 16 e
3237 5449 16 29 ?
3268 5447 87 23 qualité
3368 5449 59 20 d'em-

2901 5461 66 25 ployé
2984 5463 56 20 ches
3050 5464 31 19 M.
3089 5464 99 23 Mercier
3199 5468 28 22 de
3238 5468 24 23 la
3272 5475 42 18 rue
3325 5473 29 20 de
3365 5474 75 20 Scles-

2899 5489 62 37 gfr.ii
2960 5486 39 36 A
3003 5486 89 40 _T***g;
3107 5512 8 14 ,
3119 5493 34 18 un
3183 5496 17 16 a
3200 5495 77 21 ammé
3307 5497 133 22 Guillaume

2902 5510 145 26 Schinckers,
3062 5512 29 22 de
3107 5512 24 23 U
3148 5519 43 19 nie
3210 5518 40 22 des
3268 5520 116 24 Récollete
3402 5524 39 20 fut

3461 3534 213 15 i~j..u-i--»-wr-
3687 3534 10 15 i
3710 3533 4 12 i

3490 3569 39 20 On
3541 3572 56 17 nou-
3613 3568 48 25 prie
3676 3568 14 20 d
3698 3570 110 18 annoncer
3819 3565 20 21 la
3850 3563 47 21 _M_t
3907 3560 20 21 d<

3488 3599 155 84 Madame
3668 3597 76 84 Paul
3768 3590 161 89 lll

3850 3689 69 52 Mil

3780 3705 33 41 II

3492 3765 143 24 pieusement
3655 3762 94 23 décédée
3766 3760 14 22 à
3798 3756 102 25 Bruxelles.
3914 3753 15 21 1«

3494 3790 25 21 19
3533 3789 118 22 décembre
3669 3787 55 24 1028,
3740 3785 71 22 munie
3822 3785 33 20 des
3869 3783 52 18 Sacre-

3491 3817 77 19 ments
3586 3815 28 20 de
3633 3814 87 24 lEglise
3737 3810 118 23 Orthodoxe
3870 3807 59 20 «atm

3520 3841 31 21 I_e
3564 3840 86 21 service
3664 3838 99 21 solennel
3776 3834 107 23 orthedwe
3893 3834 37 16 «n

3492 3864 94 23 célébré.
3601 3865 32 23 39,
3649 3869 39 16 rue
3695 3859 118 28 Crespel.le
3819 3856 52 28 Jeudi
3876 3856 20 20 H
3900 3856 21 20 dé-

3493 3891 90 21 cembre
3600 3890 16 21 &
3634 3890 23 20 11
3673 3887 84 27 Hèjire».
3904 3903 16 10 .,

3519 3915 97 25 D'après
3632 3916 20 20 le
3670 3914 58 22 désir
3744 3910 76 24 formel
3834 3909 23 21 ie
3869 3908 18 19 1»
3900 3910 28 15 «*

3495 3941 74 21 funte.
3586 3941 15 20 U
3617 3946 29 16 ne
3660 3944 50 17 sera
3726 3943 39 21 pas
3777 3935 75 24 envoyé
3864 3935 22 18 de
3898 3935 23 16 let-

3494 3968 48 20 tres
3554 3966 29 21 de
3597 3965 128 25 faire-part,
3736 3964 20 21 le
3769 3960 82 27 présent
3861 3959 38 19 ans
3908 3957 21 18 en

3495 3993 85 20 tenant
3592 3992 52 20 lieu.
3839 4008 23 6 _
3874 4008 4 4 .
3899 4005 27 8 -_.

3534 4017 124 23 BruxeUes,
3669 4015 32 25 21,
3711 4013 82 22 boulev.
3803 4011 26 22 de
3840 4007 95 43 "»»g£

3521 4096 30 16 On
3566 4098 47 14 nous
3630 4095 40 20 prie
3683 4093 110 17 d'annoncer
3807 4089 16 17 ls
3834 4085 45 19 deets
3889 4083 17 17 te

3537 4124 147 48 Monsieur
3701 4121 70 48 Léon
3788 4112 111 54 PAULUS

3643 4176 169 21 Giomètre-Exaert

3500 4211 82 14 survenu
3596 4206 12 17 k
3621 4206 71 18 Ix.Uef,
3704 4204 17 17 le
3732 4203 20 16 M
3765 4199 86 34 ftetmh:-.
3862 4194 34 19 !»

3521 4228 35 17 Les
3579 4226 109 18 _-_-_-___les
3707 4223 66 18 auroot
3791 4221 33 28 K;
3841 4220 80 27 *.JZt.

3500 4248 21 16 22
3539 4249 86 15 courant,
3641 4246 11 16 à
3671 4245 8 17 1
3695 4244 30 19 1.1
3739 4242 59 17 beun.
3813 4239 11 17 9
3839 4236 54 20 UH-
3908 4251 14 15 t

3500 4268 19 16 la
3530 4267 80 17 Trinité.
3620 4266 85 17 Réunion
3716 4264 12 16 à
3740 4263 18 17 la
3768 4258 117 31 "•*_?**":i
3884 4276 10 13 1
3893 4258 30 28 U

3521 4288 35 16 Les
3569 4289 102 18 personne.
3685 4284 37 20 Qui.
3731 4285 36 25 par
3779 4279 51 18 oubli.
3841 4275 83 33 ««Sg

3519 4311 17 12 ts
3547 4303 43 20 reèu
3602 4306 23 16 d-
3635 4306 54 16 1-ttre
3698 4305 23 15 de
3731 4299 46 20 faire
3787 4300 39 20 psrt
3835 4296 37 18 m>
3879 4296 45 18 P*

3501 4311 35 16 pas
3547 4310 44 16 re.u
3602 4306 23 17 de
3635 4306 55 16 lettre
3698 4304 24 17 de

3499 4329 25 15 de
3539 4326 108 17 considérer
3664 4329 21 13 ce
3702 4322 72 22 présent
3790 4322 37 15 eTJ

3500 4348 69 16 tenant
3583 4341 44 22 lieu.

3521 4367 28 19 27,
3566 4370 35 14 me
3620 4367 24 16 eu
3660 4365 55 19 Pare.

3873 4348 50 22 (W**!

3522 4427 30 16 On
3565 4429 49 13 noua
3629 4424 40 20 prie
3682 4422 109 18 d'annonesT
3805 4420 31 17 tp.
3847 4414 23 17 tm
3882 4410 35 18 W
3916 4414 7 6 -

3501 4446 64 17 rallies
3581 4445 24 17 de

3625 4469 99 21 Geo-celte
3741 4463 86 21 DE8t»0

3500 4499 70 17 auront
3588 4498 37 17 Ueu
3641 4497 17 16 le
3673 4494 69 19 samedi
3756 4492 21 17 22
3790 4484 134 39 «"J^JÏ

3500 4520 11 17 à
3525 4533 7 3 .
3549 4519 26 18 h.,
3588 4521 24 14 en
3625 4517 69 19 l-et_.se
3705 4517 45 18 l»™
3751 4514 5 15 1
3757 4510 65 29 »'*!*-
3830 4529 24 13 m
3863 4508 60 34 pSé*

3521 4538 86 17 FK-mlon
3619 4550 10 3 _
3640 4536 18 17 La
3669 4534 104 18 mortuaire,
3782 4531 40 16 eues
3830 4530 24 14 K.
3863 4530 26 14 r"

3500 4563 35 13 ns.
3546 4559 27 16 in
3587 4557 65 18 Hénu.
3666 4556 26 18 15.
3704 4569 7 2 _
3727 4554 11 16 •
3749 4550 88 31 9-,'J-,.

3520 4579 26 16 Ls
3560 4577 76 21 prisent
3653 4577 40 16 avis
3707 4574 46 17 Uent
3769 4571 34 17 lieu
3816 4571 21 14 œ

3499 4599 51 17 faire
3566 4599 49 18 part.

3850 4561 46 20 USre
3906 4559 17 17 *

3521 4658 30 17 On
3571 4659 85 15 annonce
3672 4654 17 17 le
3705 4651 51 19 deoés
3774 4649 12 17 d
3787 4652 65 29 *^

3593 4682 94 17 .leasleoc
3704 4678 70 18 NleeUi
3793 4673 57 18 •"■""
3887 4689 31 12 ,—

3499 4713 82 15 survenu
3593 4709 12 17 1
3616 4707 117 19 Koexelber..
3743 4704 16 17 le
3769 4703 19 17 25
3796 4696 83 22 déc-Bbrt
3887 4693 35 16 !*»

3499 4732 49 17 dans
3564 4735 21 12 sa
3599 4729 31 17 é*s
3645 4727 64 18 année.
3804 4742 19 8 _.
3824 4741 16 9 m
3841 4735 24 15 __!
3875 4731 17 18 23
3903 4729 18 16 et

3520 4750 140 17 Llnhumatton
3674 4750 46 14 aura
3732 4745 34 16 Leu
3777 4742 16 16 le
3805 4739 117 31 ■_»",-„»

3521 4770 85 17 Réunion
3620 4769 11 16 »
3646 4768 19 16 la
3677 4764 103 20 mortuaire,
3792 4760 11 17 k
3814 4766 9 9 .
3834 4760 23 15 A,
3867 4760 10 10 •
3896 4768 24 20 ^

3499 4791 24 17 de
3536 4790 19 17 La
3568 4788 80 21 Liberté,
3661 4787 27 17 27.

3520 4850 31 17 On
3567 4851 84 15 annonce
3668 4846 19 17 U
3702 4844 46 17 mort
3763 4841 23 16 de

3558 4873 136 19 MademelseO,
3710 4868 57 19 MmAe
3783 4859 139 44 '"£?%»,

3499 4902 35 18 née
3545 4903 12 16 k
3570 4900 100 19 Bruxelles,
3681 4898 18 17 le
3708 4895 91 24 é^etoore
3809 4889 41 18 IW
3861 4889 50 12 "—

3498 4923 18 17 le
3532 4922 20 18 19
3568 4921 95 18 décembre
3676 4917 45 17 I»2«.
3831 4927 21 16 u
3860 4918 61 23 um*.

3519 4941 140 18 L'Inhumation
3670 4939 47 16 dans
3729 4934 139 28 le-t—'^
3877 4941 17 17 n
3901 4939 18 15 et

3521 4959 151 20 G.-and-Bieard.
3681 4960 46 14 aura
3734 4954 39 25 .lieu
3782 4952 16 16 le
3807 4952 62 27 SJ»"-
3896 4957 25 18 m

3499 4963 11 17 à
3521 4959 151 21 Grand-Blt^rd.
3681 4961 12 14 1
3695 4970 31 3 —

3520 4982 86 16 Ré-nion
3627 4980 12 16 k
3658 4979 18 16 la
3694 4973 102 20 m-rtnaLe,

3498 5003 87 18 Foulons,
3599 5001 11 16 è
3623 5000 21 16 10
3653 4998 19 17 h.
3686 4997 35 19 lfl.

3815 4968 25 18 O,
3855 4965 28 16 l*

3519 5062 31 17 On
3565 5062 86 16 annonce
3667 5056 18 18 U
3700 5053 48 19 mort
3764 5051 23 17 de

3586 5085 92 18 Monsieur
3692 5082 60 17 Pierre

3764 5070 87 24 NIT-XEf

3498 5117 93 15 surrenue
3607 5108 124 23 Inopinément
3745 5106 17 17 le
3775 5103 19 17 «
3800 5100 119 39 ^Sa*

3519 5132 145 19 L'enterrement
3676 5132 45 15 sur»
3730 5127 35 17 lieu
3775 5125 16 15 le
3801 5125 36 14 se»

3498 5154 80 22 cembre,
3596 5153 12 16 à
3628 5152 11 16 S
3656 5150 69 17 heures.
3803 5159 33 17 ju.
3852 5157 29 16 m*
3891 5149 27 23 f*T

3519 5166 85 25 Réunion
3621 5172 11 16 k
3652 5170 18 17 la
3686 5165 103 21 mortuaire,
3803 5164 33 14 w.
3893 5166 23 19 ,1)

3497 5194 55 20 haje,
3566 5193 12 17 k
3592 5187 186 22 Jelte-Salnt-Plerre.

3513 5308 23 32 à
3552 5311 30 28 la
3593 5309 58 32 plu*
3672 5307 129 27 ancienne
3823 5307 8 16 '
3833 5301 61 21 irnle

3495 5406 85 28 remise
3592 5413 30 20 en
3651 5403 44 27 etet
3707 5400 29 26 de
3743 5406 36 17 vn
3786 5387 126 55 JŒ^,

3486 5425 424 62 ""**X!&±^^&

3488 5479 56 22 <.*,A
3553 5476 120 25 CrsmtAtUe
3683 5467 101 33 deMooiî
3783 5466 78 33 LMLl-.-
3862 5464 11 21 6
3872 5464 33 35 ^.

3557 5508 47 11 _w»»'_
3603 5508 5 7 ,
3607 5507 33 12 *P_^_
3640 5506 5 7 ,
3643 5504 80 15 ^Tl^_____t.
3727 5503 47 16 T^___L

1546 5566 6 5 *
