3992 5766
1647 121 59 17 wvm
1775 113 183 24 Dimanche
1982 110 42 23 20
2045 111 130 27 Janvier

479 872 11 14 5
500 871 84 16 millions

341 896 19 16 19
371 894 79 18 millions
469 892 21 16 80
500 891 85 17 millions

118 203 46 51 E
205 192 368 55 BUDGET

109 264 112 67 GÉNÉ
222 272 93 50 RAL
339 270 62 50 DE
425 271 102 48 1935

121 377 41 34 UN
179 366 117 41 EXPOSÉ
314 371 58 32 DES
391 369 119 33 MOTIFS

155 446 56 34 DES
223 442 248 35 COMPARAISONS

190 483 247 42 INTÉRESSANTES

65 546 4 17 !
81 562 27 17 m
129 558 57 23 Gutt
208 554 100 24 ministre
325 552 40 21 des
380 551 121 21 Financées,
517 549 64 21 vient

74 593 13 16 e
100 586 92 25 déposer
203 583 20 21 le
233 579 83 25 budget
325 578 40 21 des
376 576 63 21 voies
451 577 24 20 et
488 578 95 18 moyens

73 618 43 14 _ur
133 610 48 22 1935
205 606 71 26 lequel
293 602 83 24 budget
394 600 80 22 s'élève
494 605 30 16 en
544 604 36 16 re-

72 639 61 21 ettes
148 634 122 23 orflnatos
285 629 14 23 i
315 629 12 20 9
344 626 111 22 milliards
472 625 39 21 842
528 624 41 21 mil

63 664 31 23 BO
89 678 102 33 L'e'xposé
204 686 38 21 des
253 680 76 24 motifs
340 677 79 23 établit
431 675 94 22 d'abord
537 679 46 17 une

48 707 171 31 IcompaVaison
253 709 38 20 des
321 705 107 24 dépenses
464 701 119 24 publiques

47 719 108 41 '"avSnt
168 740 75 22 guerre
254 735 24 19 et
289 732 38 21 des
337 730 92 22 charges
438 727 147 21 budzetaires

78 764 99 22 ctuelles.
190 762 35 20 En
239 758 56 22 voici
309 761 32 17 un
354 757 81 21 iverçu
452 756 8 18 :

349 792 41 19 _»_•
496 789 44 16 193}

78 842 69 18 ..nsion
160 840 32 17 d.»
206 838 82 17 mineurs
304 836 21 16 .9
331 821 104 42 OoJTÏ.ncs
458 830 30 16 143
500 830 84 16 mimons

67 864 92 17 Chômage
293 861 28 12 ***■

67 882 72 19 Société
151 881 31 16 des
193 879 80 17 Nations

68 902 139 20 -alignement
222 898 72 21 profess

86 921 104 40 ^S'nl"
200 941 23 16 de
230 922 17 13 Ir
243 918 74 38 i^af
331 937 32 17 088
373 934 79 19 mUllon.
459 933 31 16 711
501 932 85 18 mUlions

92 978 40 19 Les
158 974 95 23 charges
280 967 189 25 administratives
493 970 83 20 propre-

66 1002 64 21 ment
141 1000 58 21 dites
216 1001 24 21 (y
254 996 96 25 compris
363 992 191 24 l'enseignement,
568 991 21 20 le

66 1025 77 25 clergé,
164 1024 25 21 la
211 1022 164 25 magistrature,
396 1018 90 20 l'armée
508 1017 27 20 et
556 1016 34 20 les

66 1051 115 27 pensions)
199 1050 52 20 sont
265 1053 29 17 en
304 1045 135 26 majoration
453 1042 27 22 de
495 1042 53 23 plus
563 1043 27 20 de

67 1077 56 25 1,900
135 1075 105 22 millions.
409 1094 11 8 _,
465 1093 6 9 ,
488 1093 22 9 .„

92 1103 32 20 La
139 1101 83 24 charge
238 1099 39 21 des
291 1097 103 26 «pensions
406 1094 28 21 de
451 1093 110 21 vieillesse
577 1098 14 16 a

65 1127 38 22 été
118 1130 95 22 presque
228 1122 131 27 quintuplée

92 1153 37 20 Au
149 1151 65 23 total,
235 1150 22 20 le
286 1148 73 21 nombi

67 1178 70 21 l'Etat
154 1187 27 4 —
197 1181 25 16 ce
241 1176 68 19 terme
324 1171 66 22 étant
406 1170 48 26 pris
473 1170 59 20 dans
550 1174 41 16 son

69 1201 142 26 acceptation
222 1201 22 20 la
259 1199 50 24 plus
323 1197 60 23 large
398 1205 27 5 —
440 1201 15 16 a
470 1195 124 24 augmenté

66 1228 32 22 'de
112 1228 25 20 39
148 1231 56 21 pour
217 1226 52 19 cent
281 1224 24 20 et
319 1223 32 19 les
365 1220 83 22 crédits
464 1220 102 21 destinés
580 1220 15 21 à

68 1253 99 21 recevoir
194 1248 151 26 l'imputation
376 1247 40 20 des
447 1246 148 21 traitements

69 1277 106 22 accusent
193 1279 44 17 une
259 1272 140 25 majoration
422 1272 28 22 de
476 1272 38 20 104
537 1275 58 21 pour

76 1333 4 4 •
95 1325 101 26 L'exposé
213 1325 39 21 des
269 1323 79 22 motifs
364 1322 46 22 fait
427 1323 25 21 la
465 1322 119 25 comparai-

70 1358 46 18 son,
131 1355 55 22 pour
201 1350 40 21 des
256 1349 182 21 fonctionnaires
455 1348 85 21 mariés
556 1348 28 21 de-

71 1376 100 23 meurant
186 1374 14 21 à
212 1373 125 25 Bruxelles,
352 1374 41 21 des
405 1373 150 21 traitements
570 1373 28 21 de

70 1402 49 22 1914
134 1405 54 17 avec
203 1404 57 17 ceux
278 1399 28 22 de
327 1399 57 21 1934.
404 1399 39 21 On
461 1403 15 20 y
492 1398 106 23 constate

69 1428 65 25 qu'un
146 1425 112 23 directeur
270 1429 31 17 au
312 1424 120 22 ministère
443 1428 31 17 ne
486 1423 113 22 bénéficie

31 1456 77 37 Jque
122 1451 31 21 du
165 1449 180 26 multiplicateur
359 1449 65 25 5.625,
438 1454 34 16 un
486 1449 114 22 directeur

67 1475 90 27 géné«ral
168 1475 65 24 5.850,
246 1480 34 16 un
292 1474 123 22 secrétaire
430 1474 94 25 général
534 1475 20 24 6,
567 1479 33 16 un

5 1495 34 20 a"*
66 1501 129 25 |»rofesseur
219 1500 147 22 d'université
390 1500 20 24 6,
433 1505 33 17 un
486 1500 114 24 brigadier

66 1526 40 22 des
121 1526 103 21 douanes
240 1526 65 21 6.971.
321 1526 61 21 alors
398 1525 72 25 qu'un
486 1529 114 20 messager

6 1564 23 46 S,
43 1552 48 22 -ise
105 1551 49 22 volt
169 1551 119 25 appliquer
303 1552 21 21 le
340 1550 182 25 multiplicateur
536 1550 65 23 8.699,

27 1571 28 30 ?3
66 1581 35 18 un
115 1576 136 22 cantonnier
267 1576 77 25 11538,
355 1581 34 16 un
404 1576 70 24 garde
488 1576 41 21 des
542 1579 59 17 eaux

26 1596 11 15 e
36 1596 56 26 "'et
103 1601 72 22 forêts
186 1601 77 24 10.424,
275 1606 34 17 un
322 1601 135 22 instituteur
469 1600 132 22 célibataire

68 1627 77 23 10.636,
162 1632 46 17 une
226 1627 140 21 institutrice
383 1626 86 22 mariée
485 1631 56 16 sans
558 1630 30 16 en-

67 1651 55 22 fant
137 1652 77 25 10.727,
228 1657 34 17 un
274 1652 92 22 facteur
380 1652 41 22 des
434 1651 76 25 postes
526 1650 75 24 10.424,

65 1676 47 23 etc.

184 1703 38 20 LE
236 1702 124 22 BUDGET
374 1702 40 20 DE
429 1701 52 21 1935

93 1732 45 22 Les
151 1732 145 22 évaluations
310 1732 41 23 des
365 1731 99 22 «recettes
478 1735 58 20 pour
551 1730 50 20 1935

64 1756 58 23 iont
136 1762 33 17 en
185 1757 140 22 diminution
342 1757 28 21 de
387 1756 39 21 908
442 1756 101 21 millions
558 1759 44 22 par

96 1784 68 24 pport
174 1782 16 21 à
204 1782 58 22 1934.

131 1813 247 22 CONTRIBUTIONS
391 1811 148 22 DIRECTES

96 1844 23 23 Il
130 1846 37 21 est
181 1843 16 22 à
210 1848 133 21 remarquer
358 1848 50 20 que,
423 1842 180 22 contrairement

72 1869 17 23 à
99 1871 26 21 la
136 1869 123 27 procédure
272 1869 71 22 suivie
357 1868 110 25 jusqu'ici,
481 1868 34 21 les
527 1867 64 25 prévi-

72 1896 63 21 sions
149 1899 57 21 pour
220 1895 34 21 les
269 1893 85 25 impôts
370 1894 84 22 directs
468 1893 26 21 et
509 1893 66 21 taxes
588 1897 14 19 y

73 1920 123 22 assimilées
210 1926 30 15 ne
260 1919 144 25 comportent
423 1919 52 24 plus
493 1918 97 21 l'évalua-

75 1946 52 22 tion
138 1946 40 22 dés
190 1945 72 22 droits
274 1945 39 25 qui
326 1945 79 21 seront
417 1943 117 22 constatés
546 1948 58 21 pour

75 1971 39 23 cet
129 1970 105 24 exercice,
244 1967 68 25 "mais
329 1970 54 21 bien
400 1969 149 21 l'estimation
565 1969 40 21 des

76 1996 95 21 recettes
189 1995 119 27 probables
325 1995 39 25 qui
381 1995 80 21 seront
479 1994 126 22 effectuées

76 2025 32 18 au
123 2021 53 22 titre
191 2021 29 22 de
236 2021 90 21 chacun
340 2020 29 23 de
386 2025 37 16 ces
437 2020 83 24 impôts
535 2020 27 22 et
577 2020 28 22 de

76 2050 39 19 ees
126 2047 65 21 taxes
202 2051 32 17 au
245 2046 26 21 30
283 2045 127 26 septembre
422 2045 57 22 1936.

103 2072 33 21 La
151 2071 138 22 diminution
304 2070 83 26 prévue
402 2074 59 22 pour
474 2071 34 22 les
523 2069 85 27 Impôts

78 2098 24 19 et
115 2096 35 21 les
163 2096 66 23 taxes
240 2097 37 20 est
291 2097 28 20 de
333 2096 37 21 143
386 2096 106 24 millions,
506 2096 76 22 savoir
599 2100 6 17 :

79 2125 57 21 pour
157 2122 25 22 la
202 2121 157 22 contribution
380 2121 108 24 foncière,
507 2121 26 21 35
555 2121 41 21 mil-

79 2144 67 27 lions,
158 2151 58 22 pour
229 2147 25 21 la
266 2147 54 21 taxe
334 2146 123 24 mobilière,
471 2147 25 21 16
509 2146 101 22 millions

79 2172 26 21 et
127 2171 67 25 demi,
215 2176 59 22 pour
294 2171 24 22 la
340 2172 53 22 taxe
415 2172 194 25 professionnelle,

71 2202 3 4 ■
81 2197 27 21 60
119 2197 106 25 millions,
239 2201 58 20 pour
308 2196 88 26 l'impôt
411 2196 198 27 complémentaire

80 2221 128 25 personnel,
226 2222 26 21 32
270 2222 100 22 millions
384 2222 25 22 et
427 2222 67 24 demi,
512 2227 58 21 pour
587 2222 23 21 la

82 2246 155 23 contribution
253 2247 117 21 nationale
387 2247 28 22 de
434 2247 63 23 crise,
514 2247 26 20 42
557 2247 41 21 mil-

80 2271 67 25 lions,
163 2277 59 20 pour
236 2272 34 22 les
286 2272 78 21 autres
378 2272 85 26 Impôts
479 2272 90 24 directs,
585 2272 24 21 41

81 2297 106 21 millions.

107 2322 44 21 Ces
175 2321 100 23 diverses
298 2322 132 22 réductions
451 2323 103 22 forment
577 2327 34 17 un

80 2345 59 23 total
158 2346 28 23 de
204 2347 40 20 217
261 2347 106 24 millions,
386 2348 59 21 mais
463 2348 33 21 les
514 2348 96 21 recettes

80 2370 100 23 dive«rses
213 2372 67 21 étant
313 2377 30 17 en
376 2373 175 24 augmentation
582 2373 29 21 de

79 2394 28 22 74
119 2396 105 24 millions,
234 2398 25 20 la
269 2397 121 22 reMuction
402 2398 88 24 globale
504 2397 107 26 apparaît

81 2420 137 23 finalement
231 2421 16 22 à
259 2422 39 21 217
311 2432 28 6 —
353 2422 26 21 74
394 2423 44 21 soit
453 2423 37 21 143
506 2423 104 21 millions.

600 192 116 49 LA
756 186 371 59 BANQUE

662 254 91 49 DU
777 251 181 50 TRAV
959 251 111 49 AIL

636 342 41 31 LA
691 340 132 33 GESTION
837 331 188 41 CONTROLEE
1043 339 53 32 LUI

665 379 205 33 SERA-T-ELLE
889 373 172 38 ACCORDÉE
1070 378 13 32 ?

618 445 101 32 L'AVIS
744 445 44 32 DU
811 438 174 39 MINISTÈRE
1004 445 114 31 PUBLIC

692 486 24 30 A
736 485 41 31 LA
796 484 89 31 COUR
904 484 136 32 D'APPEL

5 2732 43 22 em

3 3223 43 17 >aœ

12 3244 35 26 P*

3 3274 30 21 lue
40 3270 7 19 I

3 3296 25 20 lit
35 3294 11 21 4

3 3325 21 17 53
34 3322 13 19 «

3 3382 23 23 a
41 3388 7 10 •

3 3421 8 13 ;
23 3408 24 23 I*

3 3432 43 26 ,tl

3 3461 42 20 ■Aous

3 3486 15 20 Is
28 3484 14 22 et

3 3547 42 22 -tl

3 3571 42 24 em*

3 3605 15 15 e
29 3597 17 22 eft

3 3621 43 25 imt

3 3660 42 23 id-»

17 3685 28 25 W

3 3710 42 23 uni»

3 3733 42 27 _t,l

2 3759 43 26 Kt*

2 3782 43 26 I-A*

2 3900 40 23 ■m

16 4008 27 24 ci;

13 4442 36 23 cW*

10 4524 39 26 'tstf

11 4866 40 22 psi'

1 4899 52 27 lési*

180 2458 139 23 DOUANES
332 2459 38 21 ET
382 2458 124 23 ACCISES

107 2489 42 21 Les
158 2489 98 22 recettes
267 2490 40 21 des
316 2490 104 22 douanes
428 2491 25 21 et
464 2491 86 21 accises
556 2493 53 20 sont

82 2513 103 23 évaluées
200 2515 14 20 à
230 2515 57 20 1.548
301 2515 101 23 millions
416 2520 31 16 en
461 2516 94 22 tablant
568 2521 41 16 sur

82 2538 24 21 la
115 2539 97 22 sensible
222 2539 124 26 régularité
357 2541 40 21 dees
409 2541 144 26 perceptions
564 2546 33 17 an-

82 2562 115 24 térieures.

210 2596 271 21 ENREGISTREMENT

108 2626 156 22 L'évaluation
281 2628 40 21 des
337 2628 99 21 recettes
450 2628 37 22 est
504 2628 29 21 de
551 2628 60 22 deux

82 2651 113 22 «milliards
207 2652 39 21 592
260 2653 100 19 millions
371 2653 26 20 et
410 2653 62 21 demi
484 2658 32 17 en
527 2654 85 20 tenant

82 2677 91 23 compte
187 2677 40 21 des
240 2677 87 21 arrêtés
339 2678 29 20 de
383 2678 57 24 1934,
453 2679 40 24 qui
505 2679 43 20 ont
562 2678 37 21 ins-

82 2701 60 22 titue
153 2702 76 21 divers
242 2701 177 26 dégrèvements.
431 2703 22 21 U
464 2704 37 20 est
514 2703 97 25 supposé

81 2730 45 20 que
135 2726 25 21 la
169 2727 113 21 situation
293 2727 146 25 économique
451 2733 23 16 se
485 2728 113 24 maintien-

82 2751 43 21 dra
140 2756 31 17 en
189 2752 50 20 1935
256 2752 59 21 dans
333 2757 41 17 son
392 2752 49 21 état
458 2753 83 25 actuel,
557 2753 54 22 bien

81 2777 83 23 Qu'une
176 2776 161 23 amélioration
347 2778 45 20 soit
405 2777 114 25 probable.

287 2808 115 21 PEAGES

105 2839 44 21 Les
162 2838 84 25 péages
260 2839 55 21 sont
329 2838 84 26 prévus
427 2843 59 21 pour
500 2839 39 21 420
554 2838 42 23 mil-

79 2862 60 22 lions
157 2864 25 20 et
202 2864 67 25 demi,
288 2864 46 21 soit
353 2868 47 18 une
419 2865 141 20 diminution
579 2865 29 21 de

81 2888 52 23 près
150 2889 28 21 de
197 2889 27 20 24
242 2889 101 21 millions
360 2889 115 21 résultajit
491 2894 31 17 en
540 2889 68 21 ordre

81 2913 112 26 principal
207 2914 28 21 de
247 2914 25 21 la
285 2913 120 23 réduction
418 2915 42 21 des
471 2914 71 22 tarifs
553 2919 55 18 rxw-

82 2940 64 21 taux.

173 2969 150 21 CAPITAUX
334 2970 37 20 ET
383 2970 136 21 REVENUS

110 2998 43 21 Les
165 2999 108 23 capitaux
284 3000 26 21 et
321 3004 98 17 revenus
432 3001 28 20 de
473 3001 71 21 l'Etat
556 3003 54 19 sont

84 3027 31 16 en
130 3024 174 23 augmentation
318 3024 28 21 de
361 3024 53 24 près
428 3025 28 21 de
470 3025 26 21 36
511 3026 100 21 millions

85 3047 113 23 résultant
209 3050 29 20 de
249 3050 150 22 l'inscription
409 3054 31 18 en
450 3052 86 19 reoette
548 3052 28 19 de
588 3055 23 16 la

85 3073 53 21 taxe
153 3074 173 24 d'importation
343 3079 40 16 sur
400 3075 34 20 les
450 3074 121 21 charbons,
588 3078 24 16 er.

84 3098 56 21 cela,
157 3099 54 20 bien
229 3103 43 20 que
291 3098 113 22 certaines
422 3099 98 21 recettes
537 3100 75 20 soient

84 3128 31 16 en
135 3123 140 22 diminution
300 3128 5 15 :
329 3124 137 22 rendement
487 3125 39 21 des
547 3125 66 21 taxes

86 3148 144 24 d'expertises
247 3149 40 21 des
303 3149 96 20 viandes
414 3149 77 22 réduit
507 3149 28 22 de
554 3150 59 20 deux

87 3174 105 23 millions;
209 3174 53 24 part
276 3174 29 20 de
319 3174 70 21 l'Etat
403 3174 59 21 dans
474 3174 35 21 les
522 3173 77 23 bénéfi-

87 3202 36 17 ces
143 3199 29 21 de
192 3199 31 21 la-
235 3200 96 23 Banque
353 3198 121 22 Nationale
500 3200 112 21 (8.600.000

86 3223 77 22 franta
178 3228 30 17 en
224 3226 93 21 moins),
332 3224 32 21 du
380 3224 92 24 produit
488 3224 30 21 du
535 3224 63 24 place-

88 3249 63 20 ment
161 3248 32 22 du
204 3249 76 21 Fonds
292 3248 127 23 monétaire
435 3249 22 22 (8
469 3249 101 21 millions
581 3254 30 16 en

87 3273 92 22 moins).

113 3298 34 21 En
158 3298 119 24 -revanche,
289 3299 25 21 la
326 3299 53 21 taxe
393 3300 27 20 de
433 3298 178 22 radiodiffusion

87 3322 120 22 donnerait
222 3324 36 20 six
272 3323 101 22 millions
388 3325 25 21 et
429 3324 61 21 demi
505 3328 32 17 en
552 3324 59 26 plus,

87 3347 33 21 les
130 3348 71 21 forêts
211 3353 33 17 un
256 3348 144 26 supplément
411 3349 28 21 de
450 3348 53 25 près
515 3349 27 22 de
553 3348 58 22 trois

86 3372 105 25 millions,
206 3373 21 24 le
244 3373 129 25 placement
390 3378 31 16 au
435 3373 128 25 disponible
579 3375 32 20 du

86 3398 82 21 Trésor
181 3398 36 21 six
233 3400 98 19 mimons
346 3402 24 17 et
385 3401 60 19 demi
459 3404 31 16 en
504 3400 58 24 plus,
577 3404 34 17 iea

71 3427 3 4 ■
87 3421 65 22 taxes
168 3422 29 22 de
215 3423 155 22 chancellerie,
386 3424 61 21 deux
464 3421 100 24 millions
579 3428 32 17 en

88 3446 51 25 plus
152 3451 43 20 par
207 3448 59 22 suite
280 3448 41 21 des
334 3448 130 25 passeports
479 3452 57 21 pour
550 3449 49 21 l'ex-

89 3471 106 25 position,
219 3471 101 23 l'intérêt
343 3473 41 21 dees
406 3473 140 25 obligations
571 3473 39 22 «tes

88 3496 103 21 eîhemins
202 3497 27 20 de
242 3497 42 24 fer,
295 3497 57 22 trois
364 3497 100 21 millions
474 3502 32 17 en
516 3497 59 27 plus.

208 3527 282 23 REMBOURSEMENTS

113 3557 44 22 Les
172 3558 96 22 recettes
284 3559 28 21 de
327 3561 207 21 remboursements
549 3565 63 17 mar-

87 3582 73 25 eguent
180 3587 46 17 une
246 3582 120 22 «réduction
386 3584 28 21 de
435 3584 52 24 plus
508 3585 29 21 de
557 3589 56 17 onze

87 3607 102 21 millions
207 3612 6 16 :
232 3608 193 21 remboursement
442 3613 42 20 par
501 3609 34 20 les
551 3614 49 16 com-

88 3637 83 17 munes
184 3632 28 21 de
225 3632 50 22 leur
288 3633 67 22 quote
370 3633 53 23 part
436 3632 59 22 dans
508 3633 34 21 lees
554 3638 60 17 non-

88 3657 91 22 valeurs
195 3657 42 22 des
254 3658 167 21 contributions
438 3659 97 20 directes
555 3659 60 25 (sept

88 3682 101 22 millions
199 3683 25 21 et
236 3682 69 22 demi)
312 3687 7 20 ;
331 3686 45 20 eto.

129 3713 151 22 RECETTES
296 3712 278 24 EXCEPTIONNELLES

112 3745 44 21 lies
168 3744 98 23 recettes
278 3744 185 26 conpensatrlces
473 3745 54 21 sont
537 3750 31 17 en
580 3745 23 22 di-

86 3769 118 23 minution
219 3770 28 21 de
262 3770 39 23 2«5
316 3769 101 23 millions
431 3770 26 21 et
471 3769 34 21 les
518 3770 98 22 recettes

86 3795 29 21 de
128 3794 135 25 réparation
277 3799 31 17 en
322 3793 178 26 augmentation
515 3795 28 21 de
557 3795 59 21 seize

86 3820 101 21 millions
199 3820 25 22 et
236 3819 69 26 demi.

241 3857 53 22 LES
308 3857 150 21 DEPENSES

110 3889 32 21 Le
159 3889 109 21 montant
284 3888 60 21 total
362 3888 32 22 du
411 3888 86 23 budget
514 3890 41 20 des
574 3892 28 18 dé-

85 3918 83 19 penses
178 3915 37 20 est
227 3912 48 23 fixé
286 3913 16 21 à
313 3913 58 22 neuf
383 3913 113 22 milliards
509 3914 39 21 902
561 3914 40 21 mil-

83 3938 68 24 lions,
164 3939 47 21 soit
226 3943 46 17 une
288 3939 156 24 compression
461 3939 28 20 de
505 3939 39 22 525
561 3938 41 21 mil-

84 3963 60 21 lions
162 3968 44 19 par
225 3967 95 21 rapport
339 3964 15 20 à
374 3964 57 21 1934.
452 3964 38 21 On
510 3963 104 23 constate

86 3992 42 19 que
137 3992 44 21 par
190 3990 96 24 rapport
297 3989 15 22 &
323 3988 51 22 1934
385 3988 58 21 trois
452 3988 98 24 budgets
560 3993 54 18 sont

87 4016 30 16 en
130 4013 174 23 Augmentation
321 4018 6 16 :
341 4013 24 23 la
380 4013 62 23 dette
456 4012 114 26 publique,
584 4017 29 19 de

89 4036 36 20 129
136 4037 104 26 millions,
250 4037 136 25 l'Intérieur,
398 4039 29 21 de
438 4038 117 23 22.678.000
566 4039 44 23 frs;

87 4060 24 20 le
135 4061 91 23 Travail
250 4063 26 21 et
299 4062 143 27 prévoyance
466 4063 92 26 sociale,
584 4064 29 22 de

88 4084 39 22 447
143 4086 103 23 millions.

116 4109 35 20 En
162 4112 117 25 revanche,
292 4113 52 21 sont
356 4117 31 18 <en
401 4114 138 21 diminution
557 4118 6 16 :
578 4115 35 20 les

90 4133 100 22 Affaires
212 4137 156 24 économiques
391 4138 28 21 de
443 4138 38 21 732
505 4138 107 25 millions,

89 4158 155 22 l'Instruction
256 4161 104 26 publique
375 4163 28 21 de
418 4163 37 23 106
468 4163 107 25 millions,
588 4164 23 22 la

89 4183 101 20 Défense
204 4183 115 23 nationale
334 4187 27 21 de
376 4187 25 21 96
417 4187 106 26 millions,
538 4189 35 21 les
587 4189 25 21 P.

89 4207 28 33 T'
127 4207 32 33 ï;
166 4206 27 21 de
197 4207 32 33 ,?,î
241 4208 56 21 mU11
297 4213 47 20 ois,
354 4211 33 20 les
398 4212 111 22 Finances
519 4213 30 22 de
561 4212 51 26 près

90 4231 30 22 ele
131 4231 28 21 32
173 4231 106 27 millions,
290 4233 24 21 la
326 4234 84 23 Justice
425 4237 28 21 de
466 4237 26 22 22
505 4238 106 25 millions,

89 4255 46 25 «te.
166 4275 3 3 .
195 4275 10 4 ..

116 4281 44 20 Les
174 4281 96 25 chargées
284 4281 28 22 de
326 4282 23 21 la
365 4283 60 24 dette
439 4286 105 25 publique
558 4289 54 20 sont

90 4305 96 24 prévues
202 4309 58 23 pour
276 4306 14 19 4
304 4306 109 24 milliards
428 4310 25 21 81
469 4311 99 22 millions
583 4315 28 19 de

89 4331 87 22 francs.

252 4360 202 24 CONCLUSIONS

115 4393 36 21 En
167 4391 134 24 conclusion
317 4391 28 21 de
361 4391 96 25 l'exposé
473 4395 40 21 des
528 4398 79 22 motifs

71 4413 7 25 I
90 4416 22 24 le
127 4417 104 22 ministre
247 4416 36 23 dit
297 4416 146 22 notamment
461 4424 6 16 :

76 4459 9 4 .
116 4443 30 22 Le
167 4442 86 25 buds^t
271 4441 88 22 soumis
380 4445 31 17 au
431 4442 128 25 Parlement
578 4448 36 21 est

71 4462 11 23 I
91 4466 58 23 doue
168 4466 109 26 équilibré
296 4465 87 26 malgré
402 4466 128 24 l'existence
548 4470 66 23 d'une

89 4489 74 26 légère
179 4497 78 20 marge
273 4491 136 23 déficitaire.
424 4490 39 22 Un
477 4492 83 26 budget
573 4497 42 23 est,

71 4523 2 15 ;
92 4519 42 22 par
156 4517 129 26 définition,
308 4520 34 18 un
366 4515 51 23 état
439 4515 30 23 de
493 4516 120 27 prévision;

93 4544 25 17 ce
130 4542 58 22 n'est
198 4546 42 22 pas
252 4547 33 17 un
298 4541 74 25 bilan;
386 4540 55 22 c'est
453 4545 33 17 un
499 4545 116 22 pregram-

71 4566 12 21 h-
93 4568 43 20 me.
153 4566 91 24 Aucune
262 4567 30 23 de
310 4570 45 18 nos
368 4565 131 31 prévisions
516 4566 39 23 n'a
573 4567 43 22 fan

71 4599 5 10 .
93 4588 76 27 l'objet
188 4592 65 21 d'une
273 4590 132 25 évaluation
427 4590 124 23 intimiste.
570 4593 47 20 Au-

71 4614 6 21 i
93 4618 43 16 «un
153 4616 80 22 chiffre
246 4617 41 21 n'a
299 4616 39 23 été
353 4615 95 21 sollicité
470 4616 64 20 Nous
547 4620 71 17 avons

71 4647 4 19 i
92 4637 56 23 tenu
164 4642 93 25 compte,
273 4635 62 29 aussi
352 4641 54 21 bien
422 4644 55 21 poui
497 4639 21 23 le
535 4640 80 22 rende-

71 4666 7 18 r
93 4664 64 25 ment
168 4665 92 27 d'impôt
272 4671 43 21 que
329 4671 58 22 pour
398 4666 23 22 le
435 4665 86 23 chiffre
535 4665 28 22 de
577 4664 37 22 dé-

71 4695 4 12 «
93 4691 86 23 penses,
202 4691 28 21 de
254 4691 51 23 tout
329 4696 26 17 oe
380 4691 40 26 qui
443 4689 96 26 pouvait
563 4689 49 22 être

93 4712 171 24 humainement
288 4716 25 22 et
339 4715 175 25 honnêtement,
541 4713 71 27 prévu

71 4737 7 31 [
93 4737 61 22 Nous
169 4742 56 19 nous
240 4745 99 18 sommes
355 4740 193 23 volontairement
565 4743 50 21 gar-

71 4760 7 23 t
94 4761 38 21 dés
151 4763 136 27 d'envisager
305 4770 45 18 une
369 4765 161 22 amélioration
547 4765 30 22 de
594 4764 23 22 la

93 4788 153 26 conjoncture,
275 4790 94 27 quelque
397 4791 148 22 ardemment
574 4793 40 20 qui

93 4814 58 20 nous
171 4812 22 22 le
213 4815 148 22 souhaitions.
381 4815 48 23 Par
450 4815 80 23 contre
558 4818 58 17 noui

93 4839 72 18 avons
176 4837 56 22 tenu
246 4840 87 25 compte
347 4841 28 22 de
387 4841 24 21 la
425 4841 83 22 courbe
521 4839 97 22 descett-

95 4859 69 22 dante
177 4861 28 22 de
217 4862 89 22 l'Index.

120 4885 142 24 L'exécution
274 4888 31 21 du
317 4888 86 26 budget
412 4895 58 21 sera,
482 4890 51 23 oela
545 4895 32 17 va
588 4889 29 23 de

71 4908 8 31 (
93 4908 42 25 soi,
148 4910 157 23 conditionnée
317 4917 38 21 pa-
372 4914 23 22 la
408 4916 112 22 situation
533 4915 73 23 écono-

94 4934 75 24 mique
182 4934 28 22 de
222 4935 23 22 la
256 4937 112 26 Belgique,
381 4940 37 27 qui
432 4940 116 27 dépendra
560 4940 57 22 eïe-

71 4961 6 16 r
94 4962 80 20 menu»,
191 4963 57 22 pour
264 4965 45 18 une
326 4959 85 28 graneie
427 4963 74 27 partie
517 4976 28 7 —
562 4963 56 23 c'est

71 4986 2 10 '
92 4987 47 18 une
152 4983 70 23 vérité
236 4986 53 24 qu'U
302 4987 35 22 est
352 4988 86 23 devenu
452 4991 69 21 banal
536 4991 28 22 de
579 4990 25 21 ré-

92 5009 65 25 péter

626 544 38 20 On
678 543 46 21 sait
739 547 43 20 que
797 543 23 20 la
835 543 96 24 Banque
946 542 70 26 Belge
1031 543 32 21 du
1075 543 48 21 Tra-

600 569 46 20 vail
666 573 15 16 a
699 568 122 24 introduit,
839 568 22 21 le
881 568 25 21 19
925 568 93 22 octobre
1039 567 95 22 dernier,

601 593 86 21 devant
700 593 21 21 le
735 593 103 20 tribunal
851 593 29 23 de
893 597 128 17 commerce
1035 594 28 20 de
1075 594 62 19 Bru-
1146 605 5 8 .

601 618 77 23 xelles,
691 622 46 17 une
749 618 93 27 «requête
856 622 59 20 pour
926 618 92 22 obtenir
1031 619 22 21 le
1066 617 58 22 béné-

601 643 45 21 fice
660 644 28 20 de
701 642 136 22 l'a«rrête-loi
851 643 32 22 du
897 644 25 20 15
935 644 99 24 octobre,
1046 643 79 21 instau-

601 668 56 21 rant
672 668 22 20 le
710 668 99 23 système
825 669 29 21 de
869 669 25 20 la
910 669 90 25 gestion
1015 668 122 22 contrôlée.

628 694 31 20 Le
676 693 26 20 24
719 694 131 22 novembre,
867 694 21 21 le
905 693 111 26 tribunal,
1032 692 107 25 composé

603 718 28 21 de
643 723 42 16 son
698 718 124 25 président,
834 719 29 21 de
875 719 61 21 deux
948 718 191 26 vice-présidents

602 744 25 20 et
648 743 31 21 du
702 744 99 23 premier
821 743 164 25 référendaire,
1005 744 89 20 n'avait
1114 743 26 20 ni

603 767 95 24 accepté
714 769 26 20 ni
756 768 73 25 rejeté
845 769 24 21 la
885 769 101 25 requête,
1002 769 61 20 mais
1079 768 59 21 dési-

604 793 45 24 gné
667 798 33 16 un
717 795 81 23 expert
817 793 85 26 chargé
920 795 28 21 de
965 794 139 21 rechercher
1121 793 19 20 si

605 819 23 20 la
639 818 85 23 société
733 818 61 23 était
803 823 34 17 un
848 821 158 22 commerçant
1018 819 27 21 de
1059 827 9 9 ec
1081 819 47 20 bon-

604 848 31 16 ne
649 844 33 20 foi
697 852 9 9 -,
722 844 59 21 dans
794 844 22 21 le
829 849 54 16 sens
896 849 43 20 que
953 845 46 20 l'on
1012 844 77 21 donne
1101 847 27 17 or-

606 869 157 20 dinairement
773 869 15 21 à
800 874 37 16 ces
849 871 92 22 termes,
952 868 147 22 notamment
1110 872 32 16 en

606 893 97 21 matière
725 894 31 21 de
777 894 73 21 sursis
872 895 28 20 de
923 894 118 25 paiement
1060 898 31 16 ou
1112 892 30 21 de

606 919 133 21 concordat.

633 945 64 19 Nous
710 949 72 16 avons
795 945 74 21 rendu
883 945 90 24 compte
988 945 28 21 de
1029 943 101 21 l'audien-

608 974 26 16 ce
650 969 27 21 de
693 969 23 22 la
731 970 22 20 6*
770 970 109 21 chambre
894 969 28 22 de
937 970 23 20 la
977 970 61 20 Cour
1052 967 91 25 d'appel

609 994 32 21 du
656 995 25 19 10
696 995 92 23 janvier
801 994 99 24 dernier,
915 994 29 20 où
959 994 33 20 les
1006 993 94 21 avocats
1115 993 28 20 de

609 1020 24 20 la
647 1020 96 24 Banque
760 1020 31 21 du
807 1020 93 21 Travail
916 1018 133 22 s'élevèrent
1065 1016 79 22 contre

610 1045 60 20 cette
691 1044 102 21 décision
812 1049 29 17 en
860 1044 137 25 présentant
1014 1044 41 20 des
1074 1047 58 20 argu-

610 1070 84 24 ments,
707 1074 43 20 que
764 1074 59 16 nous
837 1074 72 17 avons
922 1067 127 27 rapportés.
1062 1068 69 20 Same-

610 1095 32 22 di.
657 1096 31 20 M.
703 1095 98 21 l'avocat
817 1093 94 26 général
926 1095 97 24 Leperre
1039 1098 15 16 a
1069 1091 76 23 donné

611 1120 88 21 lecture
713 1120 28 21 de
755 1125 44 16 son
814 1120 50 20 avis
878 1120 60 20 dans
951 1119 25 21 la
991 1122 75 20 cause.

638 1145 31 22 Le
683 1145 130 24 magistrat,
827 1144 66 25 après
906 1145 65 19 avoir
983 1144 84 24 exposé
1081 1140 66 23 l'état

613 1170 28 21 de
658 1170 24 20 la
698 1169 124 25 procédure
839 1170 25 20 et
881 1168 104 21 constaté
1002 1173 44 19 que
1063 1167 84 25 l'appel

612 1195 37 21 est
660 1194 100 24 régulier
772 1195 59 21 dans
842 1195 24 20 la
878 1194 81 24 forme,
970 1198 31 16 en
1012 1197 17 16 a
1040 1191 107 23 examiné

613 1220 22 21 le
646 1220 146 21 bien-fondé.

640 1246 61 20 Pour
717 1245 57 23 cela,
790 1245 17 20 il
824 1249 14 16 a
855 1242 94 26 analysé
964 1242 137 22 l'arrêté-loi
1117 1242 31 21 du

616 1270 24 20 15
660 1270 99 23 octobre,
779 1270 59 20 dans
855 1274 37 16 ses
911 1269 85 20 termes
1013 1269 25 20 et
1056 1267 92 21 surtout

615 1295 60 21 dans
691 1299 43 16 son
748 1295 79 24 esprit.

642 1321 33 20 La
688 1320 31 20 loi
733 1325 16 15 a
761 1324 59 19 pour
833 1319 63 25 objet
910 1318 140 21 d'instaurer
1063 1322 34 16 un
1110 1316 26 21 ré-

617 1345 59 23 gime
691 1349 112 20 nouveau,
816 1344 31 22 né
861 1344 28 21 de
902 1344 24 21 la
938 1343 114 22 situation
1065 1342 71 21 écono-

618 1370 75 23 mique
709 1369 105 23 actuelle.

643 1395 48 20 EUe
707 1394 90 21 fournit
811 1394 22 21 le
847 1398 84 20 moyen
945 1393 29 21 de
988 1397 31 16 ne
1033 1397 44 20 pas
1089 1391 49 22 met-

618 1420 35 21 tre
676 1424 31 17 en
729 1419 84 21 faillite
835 1418 115 21 certaines
972 1417 105 24 affaires,
1099 1415 53 23 tout

618 1449 31 16 en
666 1444 91 21 évitant
772 1444 24 20 la
814 1443 125 24 procédure
955 1442 73 25 rigide
1045 1442 33 20 du
1094 1445 46 16 con

619 1469 81 21 cordât
718 1468 116 25 préventif
851 1472 30 17 ou
900 1468 30 20 du
949 1467 72 21 sursis
1039 1467 28 20 de
1086 1468 52 23 paie

620 1494 71 23 ment,
703 1494 28 20 de
743 1494 71 23 façon
824 1493 15 21 à
851 1492 115 21 atteindre
977 1491 22 21 le
1010 1491 76 21 moins
1097 1494 42 22 pos-

620 1519 56 21 sible
692 1519 21 21 le
730 1517 73 23 crédit
819 1518 28 20 de
863 1516 142 26 l'entreprise
1022 1516 24 20 et
1062 1520 31 16 ne
1109 1520 44 20 pas

620 1543 177 24 compromettre
819 1542 25 21 la
866 1542 77 21 bonne
965 1540 137 22 «réalisation
1122 1540 30 21 de

620 1568 80 21 l'actif.

647 1594 48 19 Son
708 1592 43 21 but
765 1591 60 21 n'est
838 1595 44 21 pas
897 1591 28 20 de
939 1589 107 26 protéger
1060 1589 41 21 des
1113 1588 27 21 In-

620 1617 72 21 térêts
709 1616 144 25 particuliers
877 1614 60 21 mais
952 1614 54 22 bien
1023 1614 29 21 de
1069 1616 70 19 sauve-

621 1642 82 24 garder
717 1639 101 22 l'intérêt
835 1639 100 25 général.

645 1667 32 20 Le
692 1665 132 24 législateur
838 1670 14 15 a
865 1664 70 22 voulu
949 1663 74 21 éviter
1034 1663 36 21 les
1083 1662 58 26 pani-

620 1695 62 20 ques,
706 1690 52 21 tout
780 1694 32 16 en
836 1688 153 23 assainissant
1012 1688 23 21 le
1057 1687 96 23 marché

621 1713 151 23 commercial.

646 1740 22 20 Il
681 1745 30 16 ne
726 1739 53 21 faut
793 1739 60 20 donc
867 1742 51 21 pas,
929 1743 31 16 en
975 1738 61 21 cette
1049 1737 105 24 ma.tlere,

621 1764 90 21 donner
724 1768 48 17 aux
787 1763 62 22 mots
866 1771 9 10 ce
893 1763 76 21 bonne
984 1762 36 22 foi
1036 1770 10 11 »
1063 1762 22 21 le
1100 1765 55 18 sens

621 1789 111 21 restrictif
745 1793 46 20 que
804 1788 35 21 lui
853 1788 78 21 donne
946 1787 22 22 le
982 1787 122 26 jugement
1116 1787 26 21 at-

621 1813 76 24 taqué.

647 1840 44 20 Les
703 1837 161 26 imprudences
876 1842 31 16 ou
918 1837 36 22 les
966 1836 79 22 fautes
1058 1835 85 23 commi-

622 1869 37 15 ses
671 1867 44 20 par
726 1863 22 21 le
761 1862 125 26 requérant
897 1867 31 16 ne
940 1861 102 26 peuvent
1054 1860 50 22 être
1117 1865 25 17 re-

622 1889 82 20 tenues
721 1892 59 20 pour
797 1887 86 25 rejeter
900 1887 25 21 la
942 1886 101 25 requête.
1059 1887 33 20 Le
1110 1885 47 22 fait

622 1914 29 20 de
675 1913 136 21 l'ouverture
835 1912 70 22 d'une
927 1911 142 21 instruction
1093 1910 51 26 judi-

624 1938 69 21 ciaire
706 1942 31 17 ne
748 1937 71 22 suffit
830 1941 44 22 pas
886 1940 59 20 pour
956 1941 32 17 ne
1000 1941 44 21 pas
1055 1935 89 23 accueil-

623 1963 30 21 lir
664 1960 98 24 celle-ci.

649 1988 31 20 Le
701 1986 134 26 législateur
853 1986 41 22 n'a
913 1990 44 21 pas
977 1985 70 22 voulu
1068 1990 44 21 que
1132 1985 26 21 la

624 2012 106 25 question
748 2012 30 21 de
797 2012 77 21 bonne
892 2011 35 21 foi
944 2011 40 22 fut
1003 2010 80 26 l'objet
1101 2010 57 22 d'un

624 2042 98 16 examen
738 2036 92 26 spécial,
847 2040 88 18 comme
950 2036 22 22 le
987 2039 73 22 pense
1075 2036 23 21 le
1113 2035 33 21 tri-

625 2062 73 21 bunal
717 2062 29 21 de
769 2065 127 18 commerce
919 2061 28 21 de
970 2060 128 22 Bruxelles.

652 2088 33 20 La
701 2087 76 21 bonne
795 2086 34 22 fol
844 2086 51 22 doit
910 2085 50 22 être
976 2084 129 26 présumée.

652 2113 35 20 La
701 2111 125 25 procédure
842 2111 110 25 prescrite
967 2115 45 21 par
1026 2109 97 23 l'article
1138 2109 20 25 î,

628 2138 39 23 qui
684 2136 90 26 prévoit
791 2136 25 22 la
834 2135 130 26 délégation
982 2134 90 23 donnée
1092 2135 16 21 t.
1125 2139 35 17 un

628 2163 54 23 juge
699 2162 51 21 doit
765 2161 63 23 seule
846 2161 60 21 faire
924 2159 133 26 apparaître
1075 2159 25 21 la
1118 2159 28 21 vé-

628 2187 45 21 rité
686 2191 40 17 sur
738 2187 25 20 la
775 2186 119 21 situation.

654 2213 32 20 Le
699 2211 103 21 tribunal
816 2211 28 21 de
858 2214 125 18 commerce
999 2210 28 21 de
1041 2208 119 22 Bruxelles

628 2236 88 21 n'avait
728 2236 60 21 donc
801 2238 42 22 pas
855 2235 23 21 le
890 2235 62 22 droit
964 2234 138 23 d'ordonner
1113 2237 47 19 une

628 2260 97 25 enquête
742 2261 72 20 avant
830 2259 137 23 d'admettre
983 2264 32 17 ou
1030 2259 30 22 de
1075 2258 87 26 rejeter

630 2288 23 20 la
666 2285 92 25 requête
772 2284 134 22 «introduite.

654 2312 34 20 La
705 2311 32 21 loi
754 2315 41 16 sur
810 2310 24 21 la
851 2309 91 25 gestion
958 2308 117 22 contrôlée
1093 2307 69 23 étant

630 2335 185 25 exceptionnelle,
829 2335 49 20 doit
889 2334 50 22 être
952 2334 30 22 de
993 2333 81 22 striote
1086 2333 63 21 inter-

630 2360 123 25 prétation.

655 2387 30 19 Le
706 2385 103 21 tribunal
829 2384 79 21 devait
929 2383 106 25 désigner
1053 2387 35 17 un
1108 2383 54 25 juge

630 2415 45 16 aux
685 2410 49 21 fins
745 2408 128 26 d'enquête,
884 2407 186 23 conformément
1080 2407 16 22 à
1107 2408 44 21 l'ar-

629 2435 54 21 ticle
700 2435 14 20 2
731 2434 30 22 de
778 2434 25 21 la
821 2433 38 24 loi,
875 2435 27 21 et
918 2432 126 26 pennettre
1061 2432 62 21 ainsi
1140 2431 23 21 le

630 2461 40 22 jeu
687 2460 30 21 de
736 2459 96 21 l'article
850 2459 21 25 3,
889 2459 41 24 qui
947 2456 88 27 précise
1054 2462 50 20 que,
1123 2455 41 22 dès

630 2485 53 22 lors,
699 2485 66 21 toute
780 2484 81 21 action
878 2484 55 21 d'un
949 2482 124 25 onéancier,
1088 2480 75 23 même

631 2508 123 25 privilégié,
766 2509 38 20 cest
816 2508 137 25 suspendue.

656 2535 32 20 Le
703 2533 120 22 ministère
838 2533 78 25 public
931 2532 89 25 estime,
1035 2531 116 22 contraire-

631 2559 66 21 ment
714 2576 15 5 _
745 2558 112 26 l'opinion
873 2557 71 22 écrite
961 2562 44 20 par
1020 2557 22 22 le
1059 2556 93 22 référen-

632 2584 64 21 daire
714 2584 31 21 du
760 2583 110 25 tribunal,
887 2588 44 19 que
948 2582 83 26 l'appel
1046 2584 38 20 est
1100 2586 51 16 rece-

633 2609 72 24 vable,
724 2613 41 17 car
783 2608 78 22 toutes
879 2607 35 22 les
932 2607 115 23 décisions
1064 2607 100 21 rendues

632 2638 31 16 en
676 2633 97 22 matière
788 2633 28 21 de
832 2632 89 26 gestion
933 2632 116 21 contrôlée
1064 2632 100 26 peuvent

633 2658 49 21 être
707 2658 112 21 soumises
842 2658 17 21 à
885 2656 174 27 l'appréciation
1085 2657 29 22 de
1140 2656 25 22 la

633 2684 67 20 Cour.

658 2708 21 21 Il
701 2707 93 22 conclut
814 2711 45 26 que
881 2707 23 22 le
926 2707 120 26 jugement
1068 2705 96 26 attaqué

633 2733 48 21 doit
695 2732 49 21 être
760 2731 86 22 annulé
861 2736 44 21 par
919 2732 24 20 la
959 2733 68 20 Cour.

657 2757 22 21 Il
691 2762 30 16 ne
735 2761 70 20 pense
818 2761 44 21 pas
875 2761 44 20 que
932 2757 25 21 la
970 2758 63 20 Co-vr
1045 2757 50 21 doit
1108 2756 43 21 évo-

631 2786 57 19 quer
703 2782 102 21 l'affaire
823 2782 25 20 et
866 2781 107 25 désigner
989 2781 133 22 elle-même
1141 2782 22 20 le

631 2807 53 23 juge
699 2806 127 24 enquêteur
841 2805 71 26 prévu
927 2806 16 22 à
957 2806 97 22 l'article
1069 2806 21 25 2,
1103 2807 60 20 mais

630 2831 80 24 qu'elle
725 2831 51 21 doit
789 2835 113 20 renvoyer
915 2832 26 20 la
955 2835 69 18 cause
1040 2836 32 16 au
1087 2831 63 21 tribu-

630 2856 41 21 nal
683 2856 28 21 de
722 2860 126 17 commerce
861 2856 39 24 qui
913 2856 76 24 devra,
1000 2856 41 24 lui,
1053 2855 109 26 procéder

630 2881 15 21 à
657 2880 60 21 cette
728 2880 147 24 désignation
887 2881 55 23 qu'il
955 2885 16 16 a
982 2881 60 21 omis
1053 2881 29 21 de
1095 2881 67 23 faire.

655 2906 33 21 La
706 2906 62 21 Cour
783 2905 87 21 rendra
885 2910 44 16 son
946 2905 64 21 arrêt
1025 2905 124 22 ultérieure-

630 2929 72 24 ment,
720 2929 240 21 vraisemblablement
978 2930 49 22 l'un
1042 2931 45 20 «les
1104 2931 58 21 trois

631 2954 102 21 derniers
747 2954 66 23 Jours
828 2954 29 22 de
871 2954 25 21 la
911 2954 103 21 semaine
1030 2955 132 25 prochaine.

671 2980 26 19 C.

1154 186 112 51 LE
1304 182 382 54 VOLEUR

1194 246 180 61 S'ÉTAIT
1394 254 223 50 ENDORMI
1637 254 12 48 !

1194 350 151 40 RÉVEILLÉ
1363 356 66 32 PAR
1448 356 40 31 SA
1507 353 143 34 VICTIME.

1232 405 30 32 IL
1280 403 81 33 JOUE
1380 402 45 32 DU
1448 400 170 33 REVOLVER

1324 449 40 32 ET
1383 448 140 32 S'ENFUIT

1229 523 30 32 IL
1278 522 55 31 EST
1353 514 149 38 CAPTURÉ
1521 512 103 40 APRÈS

1160 569 64 31 UNE
1248 568 89 32 DURE
1361 566 123 32 CHASSE
1502 567 24 30 A
1546 564 149 32 L'HOMME

1185 635 96 22 Namur.
1297 633 24 20 19
1336 632 97 25 Janvier.
1447 641 27 5 —
1487 631 32 21 Le
1533 630 95 21 nommé
1642 629 52 22 Oll-

1160 664 49 18 son,
1227 659 43 24 âgé
1289 659 68 20 d'une
1375 656 119 26 vingtaine
1512 655 110 21 d'années
1648 655 33 20 ori-

1160 684 90 25 ginaire
1274 684 29 20 de
1329 682 136 23 Oembloux,
1488 683 26 19 et
1540 679 114 22 domicilié
1680 679 16 22 à

1161 708 207 25 Uccle-Bruxelles.
1392 706 93 25 parvint
1509 706 16 21 à
1549 705 146 21 s'introduire

1162 735 59 21 dans
1233 734 24 21 la
1269 734 52 20 nuit
1335 733 28 21 de
1377 732 110 21 vendredi
1500 732 14 20 à
1528 730 95 24 samedi,
1637 730 59 21 dans

1161 759 147 22 l'habitation
1324 758 31 21 du
1368 757 139 25 dépositaire
1522 757 68 20 d'une
1604 757 79 20 brasse-

1162 785 40 22 rie,
1218 784 15 22 i.
1248 783 136 22 Gembloux.

1188 808 73 26 Après
1277 812 64 17 avoir
1359 807 83 22 dérobé
1459 812 46 16 une
1522 806 98 23 montre,
1637 808 60 19 deux

1163 835 102 24 briquets
1281 838 26 17 et
1324 838 46 16 une
1387 837 87 17 somme
1494 830 28 22 de
1540 832 13 20 9
1571 831 87 22 francs,
1675 831 22 20 le

1163 860 135 20 malfaiteur
1315 858 135 21 s'endormit
1469 858 59 20 dans
1546 861 33 16 un
1599 856 99 21 fauteuil

1164 885 31 21 du
1212 885 94 20 bureau.
1322 884 31 20 Le
1371 883 82 23 matin,
1470 887 52 17 vers
1538 882 13 20 7
1569 882 90 23 heures,
1677 880 21 20 le

1164 909 145 24 dépositaire,
1324 913 30 16 en
1367 909 97 20 entrant
1478 908 61 20 dans
1551 907 24 21 la
1590 909 69 23 pièce,
1674 911 24 16 se

1164 938 82 18 trouva
1257 939 32 16 en
1300 933 108 25 présence
1420 933 32 21 du
1463 933 86 21 voleur.
1562 932 100 21 Celui-ci
1674 937 25 15 se

1165 961 79 20 dressa
1262 959 98 21 aussitôt
1375 959 26 20 et
1418 962 54 17 sous
1489 958 24 21 la
1530 961 95 18 menaoe
1644 959 55 19 Sun

1165 985 102 20 revolver
1283 984 105 21 ordonna
1407 988 29 16 au
1453 982 151 26 propriétaire
1622 982 28 21 de
1666 982 32 21 lui

1166 1010 108 21 remettre
1290 1010 24 20 la
1330 1009 80 24 caisse.
1427 1008 99 22 Celui-ci
1541 1013 31 16 ne
1588 1012 25 16 se
1629 1007 71 22 laissa

1166 1040 43 19 pas
1226 1034 120 22 intimider
1362 1035 26 20 et
1404 1034 69 21 sortit
1490 1039 32 16 en
1540 1032 111 26 appelant
1670 1037 30 16 au

1166 1064 99 19 secours.

1193 1086 46 20 Des
1250 1085 85 20 voisins
1347 1084 100 25 d'abord,
1458 1087 41 17 (les
1511 1087 136 21 gendarmes
1657 1088 31 16 en-

1167 1110 60 24 suite
1241 1109 134 22 arrivèrent.

1194 1135 83 21 Gilson
1293 1134 64 21 avait
1370 1134 49 25 pris
1433 1134 24 21 la
1472 1134 66 24 fuite,
1553 1132 69 26 après
1638 1132 64 21 avoir

1168 1159 45 22 tiré
1226 1160 58 20 trois
1297 1163 71 21 cou«ps
1382 1159 27 21 de
1424 1159 103 21 «revolver
1542 1158 45 25 qui,
1601 1159 88 20 heureu-

1169 1186 96 23 sement,
1284 1184 176 24 n'atteignirent
1478 1187 121 21 personne.

1194 1211 52 19 Une
1267 1210 80 20 chasse
1369 1210 15 20 à
1404 1209 107 20 l'homme
1531 1207 127 25 s'organisa
1678 1211 25 17 et

1170 1235 46 20 l'on
1227 1235 41 23 put
1280 1234 139 22 finalement
1430 1233 89 21 arrêter
1529 1233 21 21 le
1562 1233 69 24 jeune
1643 1232 47 20 ban-

1171 1260 41 23 dit,
1222 1264 54 17 sous
1287 1259 22 21 le
1320 1259 58 25 pont
1389 1258 29 22 de
1429 1258 116 24 l'Orneau,
1556 1257 31 21 où
1598 1258 18 20 il
1627 1256 77 21 s'était

1171 1284 94 24 réfugié.

1198 1310 82 21 Gilson
1289 1313 17 16 a
1315 1308 38 22 été
1365 1307 82 23 amené
1458 1312 32 16 au
1499 1307 76 24 palais
1585 1306 30 21 de
1621 1305 83 25 justice

1171 1335 29 21 de
1217 1335 96 22 Namur,
1329 1332 37 25 où,
1384 1332 68 25 après
1467 1331 177 25 interrogatoire
1662 1335 44 20 par

1172 1360 32 20 M.
1218 1359 21 22 le
1253 1359 53 24 Juge
1320 1357 163 22 d'Instruction
1495 1356 101 24 Sténuit,
1609 1355 18 21 11
1640 1360 15 16 a
1667 1355 39 21 été

1172 1384 45 22 mis
1227 1388 54 16 sous
1292 1383 99 21 mandat
1401 1381 87 22 d'arrêt
1498 1382 52 24 puis
1561 1380 83 21 écroué
1656 1380 15 22 à
1682 1380 24 21 la

1173 1409 80 24 prison
1264 1408 30 22 de
1308 1409 95 21 Namur.

1712 186 118 62 AU
1884 183 361 63 MOMENT

1785 273 104 50 D'A
1890 267 168 54 TTER
2063 270 112 50 RIR

1790 372 130 34 L'AVION
1936 369 97 37 PIQUE
2051 370 45 32 DU
2116 371 58 32 NEZ

1808 420 40 31 ET
1867 413 147 37 S'ÉCRASE
2032 416 47 31 AU
2098 417 60 32 SOL

1716 493 53 32 LES
1788 492 87 32 DEUX
1887 487 159 35 SERGENTS
2069 489 82 32 SONT
2169 481 82 40 TUÉS

1814 544 44 23 (De
1874 542 67 21 notre
1956 540 197 24 correspondant)

1741 576 109 23 Londres,
1861 574 25 21 19
1897 571 96 27 janvier.
2003 580 28 5 —
2045 571 54 21 (Par
2111 571 139 26 téléphone.)

1716 612 26 4 —
1759 602 44 20 Cet
1821 597 143 28 après-midi,
1983 597 60 20 deux
2058 598 106 23 sergents
2182 597 28 22 de
2229 597 23 21 la

1717 627 73 24 Royal
1810 626 40 21 Air
1867 626 78 21 Force,
1964 621 74 25 partis
2053 622 60 21 dans
2131 627 34 16 un
2185 623 68 20 avion

1717 652 28 21 de
1758 653 50 20 leur
1820 649 119 24 escadrille
1953 649 28 20 de
1992 646 79 25 Upper
2083 647 110 25 Heyford.
2206 648 34 21 fai-

1717 678 77 20 saient
1807 677 28 21 de
1848 672 196 26 l'entraînement.

1744 710 36 19 Au
1808 707 105 22 moment
1938 704 31 21 où
1996 702 30 21 ils
2051 704 143 21 su«rvolalent
2220 703 34 21 les

1718 734 98 24 champs
1831 734 28 20 de
1877 732 110 20 Tusmore
2003 727 68 25 Park,
2089 733 40 17 sur
2145 729 34 22 les
2198 733 44 17 con-

1719 759 48 21 fins
1783 759 29 21 de
1832 754 166 25 l'Oxfordshire
2017 753 26 21 et
2062 754 29 21 de
2111 755 140 24 Northamp-

1719 784 110 24 tonshire,
1846 779 118 28 l'appareil
1978 784 25 16 se
2017 778 124 26 préparait,
2155 779 98 22 semble-

1720 810 47 23 t-il,
1782 809 15 21 â
1814 808 93 23 atterrir
1923 810 30 17 en
1968 804 38 21 vol
2021 804 75 25 plané,
2114 805 141 22 descendant

1720 834 128 23 lentement
1861 834 25 20 et
1900 830 182 26 gracieusement
2095 834 51 18 vers
2159 834 34 17 un
2207 831 36 20 ter-

1720 861 59 20 rain.

1746 891 62 21 Mais
1818 889 74 23 arrivé
1904 888 15 22 à
1929 886 98 23 environ
2038 885 26 21 35
2075 885 86 22 mètres
2172 887 31 21 du
2215 886 41 24 sol,

1721 917 85 20 l'avion
1828 916 70 25 piqua
1920 913 31 21 du
1973 915 44 17 nez
2036 911 31 24 et,
2088 916 32 17 en
2142 912 113 21 touchant

1721 944 68 22 terre,
1809 947 24 16 se
1853 941 110 21 retourna
1980 936 183 26 complètement,
2183 941 73 21 queue

1722 973 43 20 par
1781 968 80 21 dessus
1877 965 54 21 tête.

1747 1000 44 19 Les
1809 1002 66 20 corps
1893 996 40 21 des
1950 994 60 21 deux
2024 994 110 24 sergents,
2151 992 106 23 nommés

1722 1024 66 21 Land
1800 1024 25 20 et
1837 1022 94 22 Barker,
1943 1018 51 24 tués
2004 1023 41 16 sur
2056 1019 22 21 le
2091 1024 65 20 coup,
2167 1020 41 21 ont
2220 1018 38 22 été

1722 1048 119 22 retrouvés
1857 1046 76 27 parmi
1948 1046 34 21 les
1999 1043 74 22 détais
2090 1046 28 21 de
2131 1043 126 27 l'appareil.

2267 178 99 58 QUE
2405 177 218 51 VEUT-ON
2665 178 141 49 FAIRE

2299 248 70 50 AU
2401 248 30 49 C
2433 247 135 50 ONGO
2589 248 60 48 BE
2647 243 91 54 LGE
2759 248 21 49 ?

2338 348 45 32 UN
2402 339 338 57 N0UVEL_ARRÊTÊ-L01

2271 409 285 38 L'ÉTRANGLEMENT
2575 413 44 32 DU
2630 411 177 34 COMMERCE

2489 458 94 33 LIBRE

2880 173 145 53 UNE
3057 172 306 52 AFFAIRE

2826 247 166 50 PUREM
2995 245 94 51 ENT
3120 245 63 49 LO
3185 242 124 51 CALE
3337 265 24 21 »

2879 348 96 32 TELLE
2994 346 59 34 EST
3071 342 244 37 L'EXPLICATION

2859 393 178 32 JAPONAISE
3054 391 49 33 AU
3123 391 92 32 SUJET
3237 389 42 32 DE
3296 388 43 33 LA

2829 439 165 32 NOUVELLE
3012 433 192 38 EXPÉDITION
3217 436 40 32 EN
3271 433 98 33 CHINE

1820 1114 80 34 PRÈS
1925 1117 39 29 DE
1989 1116 175 30 KATT0WICE

1750 1196 136 26 Kattowice,
1910 1195 24 20 19
1958 1192 96 26 janvier.
2077 1204 28 5 —
2127 1194 40 21 Un
2191 1199 68 20 grave

1725 1223 146 21 éboulement
1888 1220 54 21 s'est
1963 1217 92 27 produit
2075 1219 60 22 dans
2152 1221 24 21 la
2198 1220 61 20 mine

1726 1247 90 23 Ohelm,
1832 1246 53 26 près
1900 1246 28 20 de
1943 1243 135 25 Kattowice,
2092 1244 15 22 à
2122 1245 39 21 590
2175 1244 86 22 mètres

1726 1274 27 21 de
1766 1273 147 25 profondeur.
1926 1270 40 21 Six
1978 1269 101 21 mineurs
2090 1271 42 21 ont
2144 1270 38 22 été
2192 1275 55 17 ense-

1726 1299 62 20 velis.

1753 1329 67 21 Trois
1840 1328 42 22 ont
1901 1332 33 21 pu
1954 1326 47 21 être
2021 1326 87 24 retirés,
2129 1327 60 21 mais
2208 1327 53 21 sont

1727 1354 91 21 blessés.
1831 1353 81 22 Quant
1925 1356 45 17 aux
1982 1351 58 21 trois
2052 1352 84 25 autres,
2145 1358 32 16 on
2190 1358 15 16 a
2217 1357 45 21 peu

1728 1379 98 26 d'espoir
1839 1379 29 23 de
1881 1377 95 26 pouvoir
1987 1376 35 21 les
2032 1377 82 23 retirer
2124 1378 99 22 vivants.
2236 1387 27 7 —

1728 1405 78 24 Belga.

928 3057 48 20 Des
987 3056 155 25 négociations

951 3087 171 22 commerciales

924 3120 85 20 auront
1023 3120 46 21 lien
1083 3119 65 21 entre

960 3150 148 25 l'Allemagne

951 3182 25 21 et
989 3182 25 21 la
1027 3182 94 21 France.

937 3214 51 20 Une
1003 3213 136 25 délégation,

955 3245 108 21 conduite
1078 3251 43 19 par

974 3409 26 17 se
1014 3403 86 22 rendra

970 3434 16 22 i
998 3435 38 21 cet
1046 3434 61 22 effet

949 3466 180 22 Incessamment

945 3497 16 21 â
973 3498 84 19 Berlin.
1066 3507 29 6 —
1105 3497 27 21 T.

770 3568 263 48 PREMIÈRE

677 3624 133 41 REPR
812 3619 194 48 ÉSENTA
1006 3627 125 39 TION

637 3703 139 21 THEATRE
792 3704 44 20 DU
852 3705 85 22 PARC.
953 3715 29 6 —
998 3706 30 21 lie
1046 3707 122 25 Messager,

663 3728 64 25 pièce
740 3733 31 17 en
784 3729 14 20 4
811 3729 63 21 actes
888 3730 28 22 de
927 3730 33 21 M.
973 3731 129 22 Bernstein.

662 3785 150 21 L'excellente
822 3784 80 27 troupe
913 3786 87 23 formée
1011 3791 43 21 par
1065 3788 32 21 M.
1106 3788 62 22 Kar-

637 3810 68 24 senty
713 3814 60 17 nous
782 3815 17 16 a
809 3811 83 23 donné,
902 3811 59 21 oette
972 3812 53 24 fois,
1035 3816 45 18 une
1092 3817 77 18 œuvre

638 3835 85 22 Inédite
736 3835 15 20 à
761 3835 119 23 Bruxelles
895 3840 6 18 :
917 3843 9 12 «
937 3836 31 21 Le
980 3837 117 24 Messager
1110 3845 19 18 »,
1141 3839 27 22 de

637 3861 32 20 M.
687 3860 130 24 Bernstein,
832 3859 51 24 orée
900 3860 19 22 il
935 3865 16 21 y
968 3865 16 17 a
999 3862 60 21 deux
1076 3867 51 20 ans,
1143 3867 26 17 et

638 3890 43 20 que
700 3890 59 16 nous
776 3885 105 22 n'avions
899 3890 43 21 pas
959 3890 83 18 encore
1060 3888 109 21 entendu.

662 3910 89 25 Malgré
769 3910 53 22 tous
838 3915 38 18 ses
892 3911 91 24 efforts,
996 3912 26 21 et
1039 3912 61 23 dans
1117 3913 52 23 tous

637 3936 34 20 les
683 3940 60 21 sens,
756 3936 26 20 et
794 3936 36 23 Jes
842 3935 54 27 plus
906 3936 83 24 divers,
1001 3937 33 21 M.
1047 3937 123 23 Bernstein

636 3966 15 16 a
667 3960 70 25 gardé
751 3961 22 21 le
791 3960 55 25 goût
863 3960 31 23 du
911 3960 146 25 mélodrame,
1075 3963 92 20 c'est-à-

636 3987 48 20 dire
704 3986 68 22 d'une
791 3986 64 23 force
874 3986 145 26 dramatique
1039 3987 90 23 brutale
1145 3988 25 22 et

634 4011 125 24 rectiligne.

661 4038 67 20 Cette
739 4036 51 25 fois,
799 4036 18 23 «11
828 4041 15 22 y
853 4041 16 18 a
880 4036 59 26 'Joint
949 4040 34 21 Ma
991 4037 55 26 Jeux
1057 4037 28 23 de
1094 4038 63 22 l'ima-

635 4062 111 24 gination.
758 4062 21 21 Il
790 4066 59 19 nous
861 4063 91 20 montre
963 4063 33 21 les
1006 4067 97 20 ravages
1115 4064 42 20 dra

635 4087 113 24 matiques
761 4087 81 21 causés
858 4092 44 20 par
916 4091 34 19 un
966 4092 81 17 amour
1064 4088 93 25 d'imagi-

634 4113 82 20 nation
731 4113 77 24 germé
818 4113 26 21 et
858 4113 83 25 grandi
954 4113 59 22 dans
1026 4118 34 16 un
1073 4118 97 18 oerveau

635 4141 28 17 oe
682 4138 100 22 colonial
801 4138 87 22 soumis
906 4142 16 17 a
942 4138 39 23 des
1001 4138 168 25 températures

635 4163 127 24 tropicales.

660 4189 57 19 Nick
741 4190 79 23 mange
843 4189 82 22 aimait
949 4189 120 21 follement
1087 4190 82 25 Marie,

634 4214 71 24 petite
727 4213 121 23 secrétaire
871 4214 56 22 d'un
944 4214 65 23 riche
1031 4214 138 26 Américain,

635 4242 57 20 pour
716 4238 39 27 qui
780 4238 19 23 il
825 4243 15 18 a
866 4239 98 25 divorcé,
989 4244 59 22 pour
1073 4240 96 26 pouvoir

633 4262 117 26 l'étxiuser.
764 4264 61 23 Pour
839 4264 34 23 lui
887 4269 92 19 assurer
995 4270 45 18 une
1053 4265 59 23 belle
1126 4266 40 23 vie,

634 4289 17 20 U
666 4290 38 20 cest
718 4289 63 25 parti
798 4290 120 21 s'enrichir
934 4294 32 18 en
982 4291 96 26 Afrique
1097 4292 69 24 équa-

634 4313 87 23 toriale.
742 4315 98 23 L'image
865 4315 29 22 de
918 4315 72 22 Marie
1015 4318 37 20 est
1072 4321 33 17 en
1127 4316 40 24 lui,

634 4342 88 18 comme
736 4343 46 18 une
799 4339 90 25 énergie
902 4340 133 26 spirituelle.
1050 4342 24 21 H'
1086 4346 31 17 en
1132 4343 36 21 est

633 4364 102 26 posséd*.

659 4388 21 21 H
700 4394 15 16 a
737 4389 123 22 rencontré
881 4390 60 23 dans
962 4396 29 18 s»
1013 4391 98 24 solitude
1133 4397 33 18 un

635 4417 149 21 compagnon,
808 4415 97 25 Gilbert,
925 4417 85 26 auquel
1032 4417 19 21 11
1073 4418 40 22 n'a
1135 4422 32 22 pu

635 4439 138 25 s'empêcher
787 4440 29 22 de
834 4441 88 23 confier
938 4443 25 21 la
980 4442 94 27 passion
1090 4443 39 26 qui
1146 4443 22 21 le

635 4467 76 20 ronge.
727 4464 60 22 Sans
802 4470 67 19 cesse,
884 4466 18 22 il
916 4466 34 23 lui
964 4468 64 25 parle
1044 4468 29 22 de
1086 4468 82 24 Marie,

635 4488 24 21 la
678 4488 92 25 dépeint
789 4494 56 19 aiets
860 4495 88 21 amour,
967 4492 56 22 finit
1041 4497 45 22 par
1105 4493 63 23 créer

637 4512 57 21 dans
710 4514 21 21 le
750 4519 97 18 cerveau
866 4516 52 22 vide
937 4516 29 23 ds
984 4521 44 18 son
1048 4518 120 23 confident

637 4540 33 17 un
684 4538 104 23 fantôme
801 4540 45 24 qui,
860 4541 29 22 de
905 4541 54 25 jour
972 4547 31 17 en
1018 4543 60 25 Jour,
1093 4544 74 25 prend

637 4564 33 18 un
682 4566 65 22 corps
758 4564 104 23 sensible.
874 4566 30 22 Et
916 4566 58 23 voici
986 4571 43 22 que
1041 4568 90 24 Gilbert
1144 4574 24 17 se

639 4587 46 19 met
697 4587 15 20 &
725 4588 71 22 aimer
807 4594 31 19 en
849 4591 153 26 imagination
1013 4593 81 25 Marie,
1107 4594 60 23 oette

639 4611 112 22 princesse
774 4613 118 25 lointaine,
912 4617 26 21 et
961 4621 57 19 avee
1041 4622 47 18 une
1112 4619 55 23 telle

640 4635 107 22 intensité
758 4638 68 24 qu'un
837 4639 60 23 beau
908 4641 53 25 jour
972 4642 18 22 U
998 4643 40 26 n'y
1048 4644 57 26 peut
1115 4644 53 26 plus

640 4659 60 21 tenir
713 4660 23 21 et
747 4663 77 22 rentre
836 4669 32 17 «n
880 4665 96 26 Europe.

640 4707 30 16 i,n
684 4686 62 37 n?,ii
744 4686 33 22 alt
789 4692 25 17 co
815 4693 32 16 ™>
849 4694 14 16 a
863 4690 44 23 "«
918 4694 27 20 de
957 4692 81 26 Marie,
1048 4693 25 23 la
1084 4698 84 23 presse,

641 4711 58 35 ïiï~?
723 4713 23 33 ,'
759 4715 40 17 ave
801 4716 12 30 ?
825 4713 53 23 tant
891 4715 27 23 *
931 4716 94 23 «h»leur
1038 4719 28 22 de
1078 4719 24 21 la
1113 4724 53 21 pas-

640 4734 55 39 ÏS
708 4738 19 35 ?i
723 4737 37 19 Ua
756 4736 64 37 J?"f
821 4743 12 16 e
848 4743 30 30 1?
895 4740 32 22 lul
945 4741 58 22 Nlck
1021 4743 88 26 Dange,
1124 4749 43 21 que

638 4756 136 41 ÏÎÏÏÎ"&J?
773 4764 10 17 r
782 4760 14 37 i
792 4764 13 17 v
806 4760 69 37 *?.!
869 4768 13 18 e
904 4765 27 22 *°
931 4766 24 21 ut
954 4771 14 18 «
991 4768 114 23 affection
1133 4768 34 24 lui

639 4781 113 39 ^f
752 4783 7 21 1
758 4788 14 17 »
780 4788 48 19 "on
837 4788 7 20 i
857 4788 31 22 ne
898 4790 59 22 n'est
967 4794 42 23 pas
1020 4791 15 23 à
1045 4794 34 21 lui
1087 4784 80 36 qu'elle

640 4812 15 17 a
673 4806 60 24 cédé,
747 4813 31 17 en
795 4809 87 27 réalité,
898 4815 60 22 mais
967 4804 23 33 \
1003 4817 56 21 Nick
1058 4804 109 34 "iC

640 4832 125 40 s^„P'£s
766 4833 23 22 rt
804 4828 167 34 *«wra
985 4819 184 48 «Suffît

640 4856 70 26 parlé.
730 4857 49 23 EUe
802 4859 48 22 s'en
871 4862 85 24 rendra
978 4867 89 27 compte
1091 4871 77 22 quand

640 4881 59 23 Nick
710 4883 105 23 rentrera
826 4888 31 18 en
869 4885 87 24 Pranee
968 4890 26 21 et
1003 4877 167 39 QtfaSprwïnt

639 4911 43 18 aon
697 4908 126 25 apparente
838 4908 120 30 Infidélité,
973 4915 87 23 voudra
1070 4898 91 44 XE££

639 4931 150 27 Finalement,
813 4933 54 16 ~'***
886 4928 89 21 nenU.
996 4939 37 10 ....
1045 4928 119 21 *•_!_?'*_»;

1 5339 34 21 tas

2 5464 9 14 I
27 5455 28 23 Km,

786 4954 5 4 .
813 4933 55 24 c'eet
886 4935 90 24 Gilbert
996 4939 39 25 qdi
1055 4932 115 34 aura***

639 4957 91 26 trompé
744 4962 31 18 en
789 4958 72 32 esprit
875 4960 25 21 et
914 4962 39 24 qui
969 4966 23 18 se
1007 4963 73 27 tuera,
1093 4971 25 18 ce
1131 4969 38 21 oui

598 5004 18 7 ,_
638 4982 128 27 permettra
782 4982 16 22 à
815 4983 58 22 Nick
887 4985 26 22 et
930 4985 15 22 à
959 4987 73 22 Marie
1050 4990 28 21 de
1095 4991 74 25 partir

201 5010 43 21 des
249 5010 166 24 circonstances
421 5015 197 23 internationales,
640 5008 115 22 ensemble
769 5012 59 22 pour
841 5008 40 23 des
894 5014 57 21 pays
965 5011 115 25 lointains.

664 5033 75 22 L'idfe
756 5036 36 19 est
808 5033 132 26 ingénieuse
959 5036 26 22 et
1004 5037 89 27 subtile,
1111 5041 59 22 mais

639 5058 82 24 traitée
739 5057 14 23 à
770 5058 24 22 la
810 5058 130 27 Bernstein,
956 5061 143 24 c'est-à-dire
1116 5070 54 17 avec

638 5089 45 17 une
694 5084 93 25 rigueur
800 5083 136 27 Implacable
946 5086 26 23 et
984 5086 62 23 dure.
1060 5088 52 23 Sela
1125 5090 46 23 fait

637 5114 35 18 un
686 5109 116 26 spectacle
821 5109 48 22 fort
887 5110 100 25 curieux,
1004 5115 34 18 un
1054 5117 46 21 peu
1117 5114 41 22 lan-

637 5134 111 26 guissant,
764 5134 54 26 trop
833 5138 32 19 en
877 5136 171 22 ronversatlons
1061 5142 55 18 sans
1131 5144 26 18 re-

638 5159 43 24 lief
694 5160 25 22 et
732 5164 31 18 en
777 5159 67 25 longs
858 5161 153 25 monologues.

664 5184 189 26 Heureusement,
868 5184 50 22 M"'
931 5185 129 25 Madeleine
1074 5188 97 24 Renaud

637 5210 103 23 soutient
757 5209 61 23 cetet
836 5213 85 22 œuvre,
938 5212 39 24 qui
994 5212 37 22 est
1047 5212 32 23 du
1096 5213 62 23 Bern-

636 5237 62 22 stein
707 5234 174 27 crépusculaire,
892 5239 56 19 avec
960 5240 33 17 un
1005 5236 76 24 talent
1091 5240 72 21 extra-

637 5262 121 22 ordinaire,
772 5260 102 22 mettant
885 5264 31 18 en
929 5259 107 26 évidence
1049 5263 33 21 les
1095 5265 63 21 moin-

637 5287 52 23 dres
705 5285 83 24 détails
803 5285 28 23 de
847 5289 42 18 son
902 5284 53 23 râle.
970 5286 49 22 Elle
1033 5288 55 22 s'est
1102 5293 56 18 mon-

635 5313 49 23 tras
701 5313 25 22 la
743 5311 69 26 digne
830 5310 107 22 héritière
955 5311 28 23 de
1000 5312 86 26 Piérat;
1108 5315 60 25 c'est,

635 5338 23 26 je
679 5338 65 22 crois,
760 5337 22 23 le
798 5335 54 28 plua
871 5335 74 26 grand
964 5336 63 26 éloge
1047 5342 43 22 que
1109 5344 60 19 nous

636 5363 114 25 puissions
763 5363 66 20 faire.

660 5387 93 23 Louons
770 5384 136 28 également,
924 5385 60 23 mais
998 5391 56 19 sans
1071 5388 97 26 l'égaler,

634 5412 53 22 M"
705 5411 87 26 Alycla,
811 5410 57 24 MM.
887 5410 98 25 Worma.
1003 5411 88 27 Qulaol.
1108 5414 48 26 Fer-

634 5436 68 25 rite*.
712 5446 29 9 -
753 5436 27 24 V.
791 5436 29 24 O.

92 5034 66 26 Mais,
173 5035 59 22 dans
248 5036 63 22 toute
328 5037 23 21 la
367 5043 88 18 mesure
471 5040 30 23 où
518 5042 57 25 peut
590 5045 26 17 se

93 5058 57 23 faire
172 5060 73 22 .sentir
264 5061 94 23 l'action
379 5063 31 22 du
432 5066 184 24 gouvernement,

95 5084 88 22 celui-ci
193 5086 134 21 continuera
338 5087 14 21 à
363 5088 123 24 intervenir
497 5095 58 21 pour
562 5095 41 21 pro-

95 5110 79 21 voquer
190 5110 34 21 les
240 5110 169 24 améliorations
425 5114 135 23 intérieures
578 5116 38 24 qui

96 5133 168 24 permettraient
278 5136 105 26 d'alléger
395 5138 24 21 la
432 5140 83 26 charge
528 5141 88 23 fiscale,

97 5158 178 34 t'épargnera
292 5165 75 18 aucun
383 5164 72 22 effort
471 5169 58 22 pour
545 5170 70 22 pour-

79 5198 4 5 ■
97 5180 71 36 wS2
181 5181 22 35 *î
216 5184 22 20 dl
239 5185 112 23 mhuition
365 5187 30 22 du
409 5188 53 23 coût
476 5190 27 22 de
517 5191 23 21 la
554 5190 35 23 vie
607 5196 6 17 :

99 5209 69 35 ronÏÏ
165 5234 21 10 m
186 5207 22 37 i
201 5212 15 16 u
224 5233 9 11 t
234 5210 49 23 prix
303 5211 40 21 des
360 5213 103 23 produits
481 5215 69 23 livrés
569 5220 46 18 aux

99 5231 111 38 toSS?
210 5232 23 21 at
232 5237 16 32 ï
246 5237 16 18 u
261 5238 12 31 f
273 5239 11 17 s
285 5252 5 8 '
303 5235 170 25 améliorations
486 5240 29 22 de
529 5241 23 21 la
567 5241 48 22 dis-

99 5279 130 35 SSttSL*
245 5283 79 24 "idre
341 5287 96 24 possible
454 5288 160 26 l'indispensa-

98 5329 102 19 iigurent
214 5330 71 22 parmi
299 5336 55 19 ceux
369 5336 53 23 qu'il
438 5338 53 21 s'est
506 5339 102 20 assîmes

99 5377 249 42 TM,iSnaS?r*rt,SS
365 5383 169 27 «S^ments
554 5394 60 18 nou-

79 5427 5 16 :
98 5401 59 43 d^
156 5402 16 17 x
169 5402 89 43 d^.
262 5405 12 17 r
269 5401 149 52 ^uStio
408 5413 10 21 i
417 5411 121 49 riv
538 5413 77 24 ,achat

2297 519 71 22 Est-ll
2391 518 68 21 exact
2480 522 44 20 que
2546 517 33 22 M.
2600 516 22 21 le
2643 517 103 20 ministre
2770 516 40 21 des

2274 543 107 22 Colonies
2393 543 34 21 ait
2440 541 80 22 décidé
2531 541 24 21 la
2567 541 104 22 création
2678 540 56 21 d'un
2740 545 56 19 orga-

2272 570 74 21 nisme
2373 569 39 25 qui
2438 568 128 25 reprendra
2591 566 168 26 l'exploitation
2783 566 28 21 de

2272 595 77 21 toutes
2369 595 35 20 les
2425 593 148 24 compagnies
2593 593 28 21 de
2640 594 119 22 transport
2779 591 32 21 du

2273 619 79 25 Congo
2366 621 26 20 et
2404 619 31 21 du
2450 617 206 23 Buanda-Urundl
2664 618 11 20 ?

2299 645 71 21 Est-il
2391 645 67 20 exact
2479 644 71 24 qu'un
2570 643 84 21 nouvel
2675 642 138 25 organisme,

2273 670 86 24 chargé
2373 670 28 22 de
2415 670 24 21 la
2451 669 87 25 reprise
2550 668 29 21 de
2591 668 168 25 l'exploitation
2772 668 41 21 des

2273 695 97 23 sociétés
2399 695 28 21 de
2457 695 125 24 transport,
2609 698 52 16 sera
2689 692 52 22 créé
2770 697 43 21 par

2275 719 135 21 arrêté-loi?
2425 719 21 21 Il
2462 724 59 16 aura
2533 718 25 21 la
2572 716 158 27 personnalité
2745 716 66 21 civile

2274 750 59 17 dout
2347 746 122 24 échapper,
2484 745 85 21 dit-on,
2584 749 31 16 au
2630 742 102 23 contrôle
2748 743 28 21 de
2790 743 24 21 la

2276 771 62 20 Cour
2352 770 41 22 des
2408 770 110 24 Comptes
2530 769 32 23 et,
2576 772 45 21 par
2634 766 147 27 conséquent,
2797 767 13 19 à

2277 795 59 21 celui
2349 795 28 22 de
2390 795 111 24 l'opinion
2513 793 116 26 publique.

2301 827 66 21 Dans
2378 831 34 16 un
2423 826 84 25 projet,
2519 825 39 24 qui
2569 830 14 16 a
2596 824 37 21 été
2645 823 112 22 distribué
2769 827 45 17 aux

2275 852 115 20 membres
2402 852 32 21 du
2448 850 181 27 gouvernement
2642 849 143 23 avant-hier,
2797 849 17 21 «11

2274 878 37 20 est
2328 877 35 21 dit
2377 881 43 20 que
2441 881 6 16 :
2463 877 22 20 le
2504 884 8 9 »
2532 875 90 22 Comité
2639 874 119 26 supérieur
2774 874 41 21 des

2276 902 141 25 Transports
2423 902 129 21 Coloniaux
2560 910 9 9 >»
2578 900 127 26 reprendra
2713 899 89 25 l'exploi-

2277 928 76 20 tation
2364 927 29 22 de
2406 928 64 21 toute
2482 932 46 17 une
2540 926 58 22 série
2611 925 163 25 d'entreprises
2784 925 32 24 et,

2276 953 154 23 notamment,
2452 953 29 21 de
2506 957 6 16 :
2535 953 25 21 la
2582 951 142 25 Compagnie
2746 950 70 25 Belge

2276 978 125 23 Maritime,
2416 978 124 23 L'Unatra,
2553 978 34 21 les
2603 976 111 23 Chemins
2728 977 28 21 de
2772 976 44 20 Fer

2277 1003 120 24 Vicinaux,
2410 1003 35 21 les
2459 1003 112 22 Chemins
2585 1003 28 22 de
2626 1003 44 21 Fer
2684 1002 32 21 du
2731 1002 85 24 Congo,

2277 1029 34 21 les
2327 1028 111 21 Chemins
2453 1029 27 22 de
2495 1029 45 21 Fer
2554 1029 42 20 des
2610 1027 95 22 Grands
2720 1027 58 21 Lacs
2792 1028 25 19 et

2277 1054 52 21 tous
2348 1054 32 21 les
2397 1054 132 25 transports
2546 1059 44 20 par
2607 1054 72 21 route,
2695 1057 31 17 au
2744 1052 60 21 détri-

2278 1079 65 21 ment
2357 1079 41 21 des
2412 1079 179 25 entrepreneurs
2607 1079 76 23 libres,
2700 1082 30 17 au
2745 1077 72 26 profit

2278 1104 40 22 des
2330 1104 140 24 monopoles.

2304 1135 31 22 Le
2347 1143 9 9 ce
2370 1135 90 21 Comité
2470 1135 121 25 supérieur
2601 1136 41 20 des
2653 1134 141 26 Transports
2806 1142 9 10 •

2279 1160 145 22 deviendrait
2440 1165 33 16 un
2489 1161 131 24 organisme
2639 1160 47 21 très
2704 1159 113 25 puissant,

2280 1185 121 21 dominant
2411 1185 133 21 l'économie
2556 1185 106 25 générale
2674 1186 28 21 de
2714 1185 23 21 la
2750 1185 66 21 <3olo-

2279 1211 45 20 nie.

2306 1236 71 21 Est-il
2398 1236 68 21 exact
2488 1241 44 20 que
2553 1236 47 21 l'on
2621 1236 124 24 son«gerait,
2768 1235 50 21 afin

2281 1261 121 26 d'imposer
2422 1266 46 16 aux
2488 1261 146 25 compagnies
2651 1262 29 21 de
2699 1261 119 25 transport

2281 1288 24 20 et
2319 1286 15 22 à
2346 1287 62 21 leurs
2423 1286 156 23 actionnaires
2590 1287 137 26 l'opération
2742 1286 65 26 proje-

2281 1311 44 25 tée,
2343 1311 16 21 à
2377 1311 108 22 modifier
2502 1312 34 21 les
2554 1313 44 21 lois
2614 1317 41 17 sur
2672 1313 35 21 les
2724 1311 96 22 sociétés

2282 1341 128 20 anonymes
2418 1337 11 20 ?

2307 1368 32 21 Le
2352 1368 180 24 gouvernement
2544 1369 28 21 de
2585 1368 24 21 la
2620 1368 94 22 Colonie
2727 1368 82 21 devien-

2283 1393 69 24 drait,
2363 1398 30 16 en
2405 1393 52 24 fait,
2468 1394 22 20 le
2503 1393 75 25 grand
2591 1393 84 23 maître
2688 1393 42 22 des
2742 1394 67 20 trans-

2282 1418 66 25 ports
2368 1417 122 22 coloniaux
2509 1418 32 24 et,
2558 1423 43 20 par
2620 1418 50 23 voie
2690 1419 28 21 de
2740 1418 69 22 consé-

2283 1447 94 21 quence,
2394 1444 28 21 de
2439 1443 77 21 toutes
2531 1444 34 21 les
2581 1444 98 22 affaires
2691 1444 129 21 coloniales.

2310 1468 62 22 Mais
2389 1468 18 22 il
2426 1474 29 16 en
2474 1469 119 24 résultera,
2612 1474 56 17 sans
2687 1470 76 23 doute,
2781 1469 41 21 des

2284 1494 98 24 charges
2398 1493 118 22 nouvelles
2531 1495 162 24 importantes;
2711 1500 32 16 en
2757 1495 66 23 effet,

2286 1519 114 21 certaines
2414 1519 147 24 entreprises,
2575 1520 96 24 n'ayant
2686 1525 42 19 pas
2741 1524 82 17 encore

2285 1545 25 21 la
2329 1544 106 25 garantie
2456 1544 114 26 d'intérêt,
2587 1545 187 22 l'obtiendraient
2792 1550 31 16 en

2286 1569 52 22 fait.

2313 1600 96 22 D'autre
2420 1600 61 24 part,
2495 1601 22 21 le
2532 1599 98 26 système
2646 1605 43 21 que
2701 1601 47 22 l'on
2761 1605 51 18 sem-

2288 1624 38 22 ble
2338 1624 89 23 vouloir
2441 1625 97 25 adopter
2551 1624 104 22 tendrait
2668 1624 16 22 &
2697 1624 91 22 écarter
2799 1625 23 22 le

2286 1650 103 23 contrôle
2406 1650 178 26 parlementaire
2600 1652 25 21 et
2640 1651 59 22 celui
2715 1652 31 21 du
2762 1652 50 21 Con-

2287 1676 42 21 seil
2341 1676 105 21 colonial.

2339 1706 73 24 Ainsi,
2425 1707 22 21 le
2459 1706 105 22 ministre
2577 1707 73 22 serait
2664 1707 108 25 autorisé,
2783 1712 42 21 par

2289 1739 10 11 »
2315 1731 126 25 arrêté-loi,
2453 1731 16 21 à
2481 1732 107 24 négocier
2599 1732 28 23 de
2640 1733 117 21 nouvelles
2769 1738 56 16 con-

2289 1764 9 11 »
2313 1757 114 21 ventlons.
2446 1758 30 20 Le
2495 1758 34 21 roi
2548 1757 111 25 pourrait,
2677 1762 46 17 aux
2740 1759 87 21 termes

2290 1790 9 11 »
2315 1782 28 21 de
2352 1787 26 17 ce
2390 1782 82 25 projet,
2483 1783 107 21 modifier
2601 1783 33 22 les
2645 1783 131 23 conditions
2787 1784 40 21 des

2290 1815 9 11 »
2315 1808 145 23 concessions
2477 1808 121 22 accordées
2618 1813 47 17 aux
2685 1808 97 23 cédants
2798 1809 28 21 de

2314 1832 175 25 l'exploitation.
2504 1833 22 20 Il
2540 1834 106 25 pourrait
2661 1834 63 21 aussi
2738 1834 89 22 donner

2314 1858 25 21 la
2350 1858 106 24 garantie
2468 1859 28 21 de
2507 1860 24 19 la
2542 1859 88 22 colonie
2642 1864 30 16 au
2684 1860 130 21 rembourse-

2315 1885 66 20 ment
2396 1884 31 20 du
2443 1884 93 25 capital,
2550 1884 26 22 et
2592 1884 41 22 des
2648 1884 138 25 obligations
2800 1885 27 21 de

2315 1909 25 21 la
2355 1908 84 22 société
2455 1908 104 23 cédante.
2577 1910 21 20 D
2616 1910 105 25 pourrait
2736 1910 92 22 décider

2316 1934 94 23 l'achat,
2424 1934 72 21 avant
2511 1934 101 25 l'époque
2626 1935 92 26 prévue,
2733 1936 27 21 de
2776 1936 40 20 tou-

2316 1959 36 21 tes
2366 1959 141 25 entreprises
2522 1960 28 21 de
2564 1960 86 22 service
2666 1961 28 21 de
2710 1961 119 25 transport

2315 1989 32 17 ou
2359 1985 28 22 de
2398 1984 100 22 services
2509 1985 143 22 accessoires.
2665 1994 10 10 »

2316 2015 84 22 Aucun
2421 2015 41 24 des
2483 2016 144 24 organismes
2646 2016 28 23 de
2694 2016 102 23 contrôle

2290 2040 134 23 Parlement
2440 2045 32 18 ou
2490 2041 91 22 Conseil
2600 2042 105 24 colonial,
2722 2047 30 17 ns
2770 2042 46 23 déli-

2290 2065 82 22 bérera
2394 2066 16 21 à
2431 2066 122 22 l'occasion
2576 2067 28 22 de
2627 2067 24 21 la
2671 2067 104 22 création
2799 2068 29 21 du

2293 2098 10 10 »
2318 2091 91 21 Oomité
2422 2091 120 25 supérieur
2554 2092 41 21 des
2608 2093 141 25 Transports
2761 2094 56 21 Colo-

2292 2116 71 22 niaux
2377 2125 17 13 »,
2404 2117 62 21 Tout
2475 2123 25 16 se
2513 2117 52 22 fera
2577 2122 43 21 par
2633 2118 76 22 arrêté
2719 2119 72 24 royal.

2318 2142 166 24 Songerait-on
2496 2142 14 21 à
2522 2142 64 22 c«réer
2597 2143 40 22 des
2645 2143 79 26 places
2735 2144 82 22 nouvel

2291 2167 35 21 les
2339 2167 39 25 qui
2392 2168 109 23 seraient,
2515 2168 186 26 naturellement,
2715 2169 116 22 réservées

2292 2191 16 21 à
2322 2192 40 22 des
2375 2192 112 23 éléments
2502 2193 31 22 du
2547 2194 63 24 parti
2624 2193 98 25 clérical,
2735 2195 96 21 anciens

2292 2216 119 22 ministres
2429 2222 32 17 ou
2481 2218 79 23 futurs
2579 2219 96 23 anciens
2693 2219 116 22 ministres
2818 2220 11 22 ?

2311 2242 73 22 Ainsi,
2391 2247 26 17 ce
2423 2243 62 24 parti
2497 2244 77 21 aurait
2586 2243 15 22 à
2610 2244 23 22 la
2645 2245 52 24 fois,
2705 2249 32 17 en
2748 2246 83 23 matas,

2292 2267 22 21 le
2331 2269 180 23 gouvernement
2528 2269 66 25 local,
2610 2270 34 21 les
2660 2271 131 25 transports
2805 2271 25 21 et

2292 2293 34 21 les
2337 2293 113 22 missions.
2460 2294 64 21 Nous
2534 2294 88 23 serions
2632 2296 94 21 curieux
2736 2295 29 23 de
2774 2301 44 16 con-

2293 2317 78 23 naître
2396 2323 42 17 sur
2462 2319 63 22 cette
2550 2320 143 25 importante
2719 2322 111 24 question,

2294 2343 102 21 mettant
2414 2348 32 17 en
2466 2344 40 25 jeu
2523 2345 98 23 l'ayenlr
2640 2345 29 22 de
2688 2345 25 23 la
2731 2346 99 23 Colonie,

2292 2368 66 21 l'avis
2374 2369 28 22 de
2417 2369 59 21 MM.
2491 2370 35 22 les
2542 2370 118 22 .ministres
2675 2371 112 25 libéraux,
2800 2372 31 24 et,

2293 2394 154 25 notamment,
2459 2394 29 23 de
2500 2395 32 21 M.
2545 2396 22 21 le
2579 2396 107 21 ministre
2699 2397 28 22 de
2739 2397 25 23 la
2776 2397 55 22 Jus-

2293 2418 52 23 tloe.

2321 2448 141 24 L'initiative
2473 2448 79 28 privée
2561 2450 44 28 est,
2615 2456 48 18 une
2675 2451 46 23 fols
2730 2452 30 23 de
2770 2452 59 26 plus,

2295 2474 97 27 jugulée.
2405 2476 36 22 Au
2453 2477 73 25 profit
2536 2478 29 22 de
2577 2477 41 26 qui
2625 2477 12 22 î

2429 2541 41 29 UN
2495 2542 205 30 FANTAISISTE

2830 511 30 32 IL
2878 511 43 32 NE
2939 510 105 33 S'AGIT
3063 510 66 37 QUE
3147 509 45 32 DE
3208 500 161 41 DÉTRUIRE

2870 557 65 32 UNE
2954 556 109 32 BANDE
3082 556 43 32 DE
3140 553 192 35 PILLARDS...

2857 622 80 25 Toklo,
2950 622 26 21 19
2989 621 98 26 janvier.
3098 631 29 6 —
3139 621 35 21 De
3187 620 103 25 l'agence
3302 618 67 21 Ken-

2832 652 29 20 go
2877 651 9 19 ;

2857 673 32 20 Le
2902 672 157 25 porte-parole
3071 671 33 22 du
3115 670 120 22 ministère
3242 669 42 21 des
3290 668 66 22 Affai-

2832 702 38 17 res
2884 698 132 23 étrangères
3029 701 15 17 a
3058 695 91 23 déclaré
3163 693 149 27 aujourd'hui
3325 696 45 22 que

2833 723 147 23 l'expédition
2992 721 86 26 dh-igêe
3091 722 80 20 contre
3184 721 33 20 Ws
3229 719 96 22 bandits
3338 719 32 20 du

2833 748 76 23 Jehol.
2919 748 61 22 était
2993 752 47 16 une
3054 746 85 22 affaire
3152 745 125 25 pu-innent
3290 744 80 21 locale.

2859 774 21 20 D
2896 778 30 16 «ne
2943 772 91 21 saurait
3049 772 126 21 s'ensuivre
3192 774 78 18 aucun
3287 768 84 22 conflit

2834 798 89 22 d'ordre
2937 798 110 24 «politique
3059 797 67 21 entre
3139 796 25 22 la
3177 795 75 22 eOhlne
3265 795 33 21 du
3310 797 61 18 noro

2833 824 25 21 et
2874 823 22 22 le
2912 823 209 21 Mantchéoukouo.

2861 849 67 21 Oette
2941 847 128 25 opération,
3082 846 70 21 a-t-11
3164 846 42 24 dit,
3219 844 102 27 prendra
3334 844 36 21 fin

2834 873 181 23 naturellement
3025 872 42 22 dès
3078 876 44 21 que
3133 872 25 20 la
3169 870 80 26 région
3259 874 33 17 en
3302 873 57 21 ques-

2836 903 50 17 tion
2907 903 54 17 sera
2985 896 147 23 débarrassée
3156 896 41 21 des
3219 895 103 25 plllaras.
3344 904 27 6 —

2834 924 79 25 Belga.
2972 948 260 10 _^______

2849 974 512 54 MONITEUR

2995 1035 26 17 du
3036 1035 22 16 30
3071 1034 78 20 Janvier
3164 1033 49 17 1936.

1211 2652 32 23 M.
1255 2651 117 22 Vanutelli
1384 2652 56 25 Bey,
1452 2651 166 22 ambassadeur
1629 2651 90 21 d'Italie
1735 2651 16 21 à
1761 2650 125 25 Bruxelles,
1898 2656 16 15 a
1925 2649 84 26 épousé
2019 2649 53 22 M"*
2084 2650 28 21 de
2123 2651 90 23 Broque-

1185 2677 60 23 ville,
1257 2677 50 21 fille
1321 2677 28 21 de
1362 2677 98 21 l'ancien
1474 2677 99 24 premier
1586 2676 105 21 ministre
1705 2678 14 19 b
1724 2675 56 24 elge.
1797 2676 7 22 (
1810 2679 18 17 x
1844 2675 23 21 le
1879 2676 76 20 comte
1965 2675 29 21 de
2004 2675 148 24 Broqueville)
2157 2689 6 7 .
2175 2685 29 6 —
2214 2675 28 20 B.

1185 2761 19 28 A
1227 2761 37 28 LA
1289 2755 195 34 FÉDÉRATION
1503 2760 60 29 OES
1580 2760 142 29 CERCLES

1345 2812 217 34 CATHOLIQUES

1210 2870 94 22 Samedi
1321 2869 144 26 après-midi,
1482 2869 25 21 la
1524 2869 139 21 Fédération
1681 2869 41 21 des

1183 2896 92 22 Cercles
1293 2895 149 24 Catholiques
1460 2900 15 15 a
1493 2896 57 19 tenu
1567 2900 47 15 une
1633 2900 77 16 assem-

1183 2920 50 23 blée
1250 2920 107 26 plénlère,
1372 2925 32 16 en
1419 2925 44 16 son
1477 2921 60 20 local
1553 2920 28 22 de
1597 2921 24 20 la
1634 2925 41 16 rue
1690 2921 31 19 du

1184 2947 96 21 Marais.

1210 2972 34 22 la
1256 2971 82 22 séance
1350 2970 58 22 était
1419 2970 103 25 présidée
1533 2975 45 20 par
1589 2971 33 19 M.
1634 2970 87 24 Segers,

1183 2996 98 22 entouré
1299 2997 27 21 de
1341 2996 114 25 plusieurs
1469 2996 121 21 sénateurs
1606 2997 25 21 et
1648 2995 62 25 dépu-

1185 3021 43 22 tés.

1210 3053 33 22 M.
1257 3053 106 24 Boelens,
1377 3052 119 22 conseiller
1510 3052 127 25 provincial
1650 3052 60 21 d'An-

1186 3082 57 19 vers,
1272 3078 65 24 parla
1364 3078 33 21 du
1424 3077 100 25 système
1553 3077 126 25 co«rporatif
1707 3077 15 20 à

1187 3103 128 24 l'étranger.

1212 3135 32 20 M.
1262 3135 80 24 Segers
1357 3134 31 21 fit.
1402 3139 33 16 un
1450 3133 83 26 exposé
1548 3133 127 25 historique
1691 3133 30 21 du

1186 3160 163 23 corporatisme
1369 3159 73 25 belge;
1463 3159 52 25 puis
1532 3160 17 20 il
1566 3159 114 24 entreprit
1698 3159 21 20 la

1188 3185 95 24 critique
1298 3185 40 20 des
1354 3185 80 24 quatre
1449 3184 88 25 projets
1553 3184 28 20 de
1596 3184 43 20 lob
1652 3184 58 21 dépo-

1188 3210 36 21 sés
1240 3215 44 20 par
1298 3210 99 21 l'ancien
1411 3210 105 21 ministre
1529 3210 33 20 M.
1577 3209 107 25 Heyman
1698 3210 25 21 et

1189 3235 109 24 consorts,
1314 3235 72 24 ayant
1400 3235 58 21 trait
1472 3238 16 17 a
1502 3235 174 24 l'organisation
1692 3235 29 20 du

1190 3259 169 26 corporatisme.

1217 3293 9 9 ■c
1244 3286 44 21 Les
1303 3285 75 21 textes
1396 3293 18 15 »,
1430 3285 34 21 dit
1480 3285 115 23 l'orateur,
1612 3285 53 21 sont
1679 3285 32 22 im-

1190 3310 108 25 parfaits;
1325 3310 29 22 ils
1380 3310 94 21 doivent
1500 3310 49 22 être
1576 3310 98 25 corrigés
1700 3312 24 20 et

1191 3335 128 25 aménagés.
1335 3343 9 11 »

1216 3367 31 21 M.
1270 3367 82 25 Segers
1370 3366 92 23 conclut
1483 3371 31 17 en
1535 3366 148 26 préconisant
1701 3366 22 22 le

1189 3392 80 21 renvoi
1287 3392 32 22 du
1336 3391 116 23 problème
1471 3392 87 21 devant
1573 3392 25 21 la
1617 3392 95 21 commis-

1189 3417 52 21 sion
1254 3417 104 22 d'études
1370 3417 96 22 sociales

1215 3447 47 22 Dès
1283 3452 44 21 que
1349 3448 61 21 cette
1432 3448 146 21 commission
1600 3452 57 17 aura
1680 3448 44 22 fait

1189 3473 122 22 connaître
1327 3474 22 20 le
1363 3473 99 21 résultat
1479 3473 29 21 de
1526 3478 36 16 œs
1579 3473 105 22 travaux.
1700 3474 23 22 Ja

1190 3498 130 22 fédération
1332 3508 28 5 —
1372 3498 64 23 cette
1446 3498 45 22 fois
1501 3498 141 25 pleinement
1655 3499 57 21 éclai-

1189 3523 38 24 rée
1242 3534 28 5 —
1284 3528 85 21 pourra
1382 3523 155 23 valablement
1553 3523 98 26 prendre
1667 3524 46 21 atti-

1188 3549 63 22 tude.

1214 3574 32 21 M.
1269 3574 124 24 Nothomb,
1411 3574 144 22 finalement,
1579 3574 102 25 regretta
1702 3574 22 22 le

1188 3599 80 22 retard
1282 3599 96 26 apporté
1394 3599 15 21 à
1425 3600 25 22 la
1466 3599 143 25 publication
1625 3599 28 22 de
1670 3600 42 21 l'ar-

1188 3624 93 22 rêté-loi
1295 3629 40 17 sur
1349 3624 22 21 le
1388 3625 76 21 cumul

1214 3650 21 22 Il
1245 3650 104 22 s'étonne
1360 3651 28 22 de
1399 3651 24 20 la
1435 3650 68 22 chose
1515 3650 24 22 et
1549 3649 69 23 attire
1629 3650 82 23 l'atten

1188 3675 51 23 tion
1264 3676 28 22 de
1317 3675 25 23 la
1367 3675 131 22 fédération
1523 3679 41 19 sur
1586 3674 139 22 l'anlmosité

1189 3700 126 22 croissante
1326 3701 32 22 du
1370 3700 78 26 public
1461 3700 16 23 i.
1489 3700 87 25 l'égard
1589 3700 41 23 des
1643 3705 68 18 cumu

1189 3725 68 23 lards.
1270 3735 28 8 —
1310 3724 23 24 3.

1285 3797 41 29 UN
1352 3797 100 30 CRIME
1475 3798 19 28 A
1519 3796 109 30 BORD?

1287 3866 42 23 (De
1345 3866 68 21 notre
1427 3866 196 25 correspondant.)

1214 3896 107 25 Londres,
1333 3897 25 21 19
1369 3897 96 25 Janvier.
1476 3908 28 4 —
1517 3898 56 21 (Par
1581 3896 140 26 téléphone.)

1188 3931 28 6 —
1236 3921 38 21 Un
1295 3922 99 24 mystère
1422 3923 97 21 entoure
1541 3923 24 20 la
1588 3922 135 22 découverte

1188 3944 59 23 faite
1265 3951 40 16 sur
1320 3948 22 21 le
1360 3948 80 21 navire
1461 3955 9 11 «
1486 3948 114 21 Marshall
1619 3948 67 21 Soult

1190 3970 161 23 actuellement
1377 3972 15 20 à
1417 3972 86 22 l'ancre
1528 3977 46 17 aux
1598 3973 71 22 docks
1695 3973 28 23 de

1189 3996 124 24 Ohatham,
1329 3996 31 23 du
1378 4001 65 21 corps
1459 3998 31 21 du
1506 3997 217 23 mécanicien-chef.

1214 4020 39 22 On
1270 4021 58 21 croit
1343 4026 25 16 se
1385 4022 93 22 trouver
1493 4027 32 17 en
1541 4022 108 26 présence
1667 4024 55 21 d'un

1188 4045 78 22 crime.

1215 4075 38 23 Un
1263 4076 91 22 homme
1366 4082 16 18 »
1393 4077 37 21 été
1441 4077 82 22 arrêté.
1533 4078 22 21 H
1566 4078 157 26 comparaîtra

1188 4100 67 24 lundi
1274 4101 75 22 matin
1369 4101 86 23 devant
1473 4102 22 22 le
1520 4104 130 24 magistrat,
1670 4107 53 19 sous

1189 4126 159 25 l'Inculpation
1362 4126 29 22 de
1403 4127 107 23 meurtre.

1214 4151 32 21 Le
1264 4151 52 25 plus
1331 4152 74 23 grand
1422 4153 74 21 secret
1514 4153 37 22 est
1568 4153 71 26 gardé
1656 4154 25 22 et
1698 4155 26 20 la

1188 4176 73 26 police
1278 4181 24 18 se
1315 4177 77 21 «refuse
1410 4175 15 23 &
1440 4176 87 24 révéler
1542 4178 25 21 et
1583 4179 21 21 le
1621 4183 57 17 nom
1694 4180 28 21 de

1188 4202 24 22 la
1226 4201 92 23 victime
1330 4202 25 20 et
1368 4201 59 22 celui
1440 4202 28 22 de
1479 4202 108 23 l'homme
1602 4203 82 22 arrêté.

1278 4272 234 30 ATTERRISSAGE
1536 4268 99 35 FORCÉ

1214 4342 95 24 Anvers,
1321 4341 25 21 19
1361 4341 95 25 Janvier.
1469 4351 29 7 —
1510 4341 39 22 Un
1561 4342 67 20 avion
1643 4347 68 17 mono-

1187 4367 63 27 plan,
1269 4366 121 23 au««rvolant
1408 4367 25 20 la
1453 4371 121 17 commune
1594 4368 128 23 d'Esschen,

1187 4397 30 18 ne
1232 4393 45 26 put
1292 4391 127 24 maintenir
1433 4392 22 22 le
1469 4392 200 21 «fonctionnement
1685 4393 25 21 ré-

1187 4418 73 24 gulier
1277 4417 32 23 du
1324 4417 92 23 moteur
1430 4417 26 22 et
1472 4417 39 24 fut
1524 4416 66 23 lorcé
1607 4417 117 22 d'atterrir

1188 4443 59 23 dans
1274 4447 46 20 une
1345 4442 93 26 prairie,
1465 4446 31 18 au
1523 4442 102 23 hameau
1653 4450 10 11 ■
1687 4444 37 21 De

1188 4468 97 22 Schrlek
1298 4476 19 13 c.

1212 4493 129 26 L'appareil
1355 4493 39 23 fut
1406 4492 159 27 endommagé.

1211 4519 22 22 A
1246 4519 120 24 l'examen,
1381 4523 32 18 on
1424 4519 110 23 oonst&ta
1548 4523 43 20 que
1606 4518 25 23 la
1645 4523 78 21 panne

1186 4544 29 23 de
1231 4544 90 22 moteur
1338 4543 59 23 était
1414 4544 44 23 due
1475 4543 16 22 à
1504 4548 34 17 un
1554 4543 84 23 défaut
1654 4544 29 22 de
1699 4544 24 22 la

1187 4569 108 23 conduite
1307 4569 118 23 d'amenée
1438 4570 120 21 d'essence.

1212 4594 94 23 L'avion
1322 4594 58 24 était
1394 4594 63 28 parti
1472 4595 29 22 de
1515 4594 132 26 Flesslngue
1659 4594 26 24 et
1699 4599 24 18 k

1187 4619 107 25 dirigeait
1305 4625 42 17 sur
1360 4620 153 22 Amsterdam.

1212 4645 44 22 Les
1268 4645 127 27 occupants
1406 4646 56 23 sont
1472 4645 65 23 sains
1548 4645 26 24 et
1586 4645 73 23 saufs.

1212 5325 40 23 LA
1266 5327 126 22 CIREUSE
1409 5328 41 23 DE
1467 5330 116 25 BOTTES
1597 5334 41 24 DE
1655 5335 39 24 LA

1212 5356 94 25 PLACE
1328 5358 122 26 ROGIER,
1471 5361 22 23 A
1513 5362 181 30 BRUXELLES,

1212 5387 60 23 lotte
1285 5393 88 18 comme
1385 5390 44 23 eUe
1441 5392 56 25 peut
1509 5393 80 25 contre
1599 5395 22 22 le
1633 5396 62 24 froid

1238 5415 47 23 VII.
1300 5414 168 26 brusquement,
1483 5417 38 23 eat
1535 5424 59 16 venu
1609 5426 58 16 non»

1426 5439 21 10 '"
1466 5448 30 13 «■
1509 5443 52 22 A.O.

1841 2760 333 31 IRLANDE-ALLEMAGNE

1839 2818 44 22 (De
1898 2818 68 22 notre
1982 2810 194 33 correipondant.)

1768 2843 109 25 Londres,
1897 2844 24 20 19
1940 2843 111 25 janvier.,
2050 2853 30 6 —
2101 2843 56 21 (Par
2172 2841 95 28 télépho-

1741 2870 51 20 ne).
1806 2879 29 5 —
1849 2869 31 22 Le
1896 2869 93 24 journal
2005 2870 28 21 de
2043 2868 33 24 M-
2091 2869 29 21 de
2135 2868 85 21 Valera
2232 2872 34 17 an-

1741 2898 82 20 nonce,
1838 2899 26 17 ce
1879 2894 55 24 soir,
1950 2898 43 21 que
2006 2898 42 21 par
2061 2894 61 21 suite
2139 2894 40 21 des
2194 2893 71 22 récen-

1742 2919 35 21 tes
1796 2918 159 25 négociations
1971 2921 29 20 de
2020 2919 89 23 Dublin,
2131 2920 34 20 les
2184 2918 81 21 contin-

1742 2945 68 22 gents
1827 2945 68 21 entre
1911 2944 72 22 l'Etat
2000 2944 65 21 Libre
2083 2946 26 20 et
2127 2943 151 25 l'Allemagne

1742 2970 42 20 ont
1798 2969 37 22 été
1849 2969 136 25 augmentés
1996 2968 29 23 de
2038 2970 54 24 part
2103 2970 26 21 et
2143 2970 95 20 d'autre.

1766 2993 159 27 L'Allemagne
1940 3000 24 17 se
1981 2995 95 23 déclare,
2093 2999 30 17 en
2138 2995 74 23 outre,
2229 2994 36 22 dis-

1743 3020 67 24 posée
1823 3020 15 21 à
1851 3021 95 21 acheter
1955 3021 51 25 plus
2019 3021 28 21 de
2059 3020 78 24 bétail,
2149 3020 28 22 de
2189 3020 87 24 beurre,

1740 3045 51 24 etc.,
1803 3045 16 21 à
1834 3046 36 21 l'E
1870 3047 36 21 tat
1922 3046 66 22 Libre
2004 3050 43 20 que
2063 3051 33 20 pa
2095 3052 10 15 r
2121 3046 22 22 le
2159 3045 74 26 passé.

1743 3099 37 28 LA
1793 3083 113 45 REVU?
1913 3099 40 30 DE
1968 3099 67 29 «LA
2052 3098 206 30 PROTECTION

1770 3157 61 22 C'est
1841 3157 105 24 toujours
1958 3160 54 17 avec
2025 3156 130 25 sympathie
2167 3156 25 22 et
2204 3156 65 22 curio-

1743 3181 43 21 sité
1807 3183 73 24 qu'e3t
1900 3182 111 22 attendue
2031 3182 122 22 l'annuelle
2174 3186 69 18 revue
2264 3181 15 22 à

1743 3207 74 24 grand
1839 3207 115 25 spectacle
1978 3207 28 21 de
2032 3215 8 9 «c
2055 3207 34 21 La
2108 3207 134 22 Protection
2256 3211 17 20 •;

1744 3233 59 20 cette
1819 3238 78 18 oeuvre
1911 3234 22 20 si
1948 3231 123 23 méritante
2086 3232 16 22 à
2116 3232 98 26 laquelle
2226 3233 47 20 M""

1744 3258 93 21 Ramlot
1849 3260 26 21 et
1888 3263 37 16 ses
1937 3258 179 21 collaborateurs
2129 3259 42 22 ont
2185 3257 95 23 attaché

1745 3283 48 21 leur
1804 3289 56 16 nom
1873 3285 25 20 et
1912 3284 50 22 leur
1975 3283 157 25 dévouement,
2146 3284 90 25 dispose
2251 3283 29 23 de

1745 3309 51 22 tous
1808 3310 33 20 les
1856 3309 112 21 éléments
1981 3308 76 25 reetjuis
2072 3313 59 20 pour
2142 3309 81 23 lancer
2237 3313 30 21 pa-

1745 3334 73 21 reilles
1833 3333 197 27 représentations
2048 3339 6 15 :
2070 3339 35 17 un
2120 3334 92 22 ouvroir
2228 3333 52 23 d'où

1744 3359 89 22 sortent
1848 3360 34 21 les
1896 3360 53 25 plus
1963 3359 148 21 merveilleux
2126 3360 114 22 costumes
2254 3360 26 23 et

1745 3384 32 21 les
1804 3385 52 25 plus
1884 3385 123 25 ingénieux
2037 3384 178 25 déguisements;
2246 3389 33 18 un

1744 3414 85 21 groupe
1845 3411 28 22 de
1893 3410 83 25 Jeunes
1991 3409 62 22 filles
2072 3410 150 23 charmantes
2241 3410 39 26 qui

1744 3436 122 24 acceptent
1886 3435 28 22 de
1934 3440 25 16 se
1977 3439 67 17 muer
2058 3440 32 16 en
2109 3443 10 9 ec
2128 3435 56 25 girls
2191 3444 9 10 »
2222 3439 60 22 pour

1745 3461 22 20 la
1782 3461 167 23 circonstance;
1966 3465 35 17 un
2013 3460 60 25 petit
2087 3461 114 22 bataillon
2215 3461 53 24 d'en-

1746 3486 64 21 fants
1832 3487 57 21 dont
1911 3491 30 17 on
1962 3485 92 22 obtient
2073 3486 62 24 tout;
2158 3487 69 21 enfin
2247 3490 33 19 un

1746 3515 75 20 noyau
1846 3511 160 25 d'Interprètes
2027 3512 71 23 ayant
2123 3512 77 22 bonne
2221 3512 56 25 voix,

1745 3537 58 21 belle
1821 3537 94 24 diction,
1932 3536 41 22 des
1989 3536 112 26 planches
2117 3537 25 22 et
2157 3538 31 21 du
2204 3537 59 23 chic.

1769 3562 51 24 Que
1841 3561 83 23 faut-il
1943 3561 130 24 davantage
2082 3562 12 21 ?
2115 3562 40 22 Un
2174 3563 48 22 bon
2243 3568 23 17 re

1745 3587 72 23 vulste
1838 3586 161 23 évidemment.
2021 3587 51 22 «La
2092 3588 150 22 Protection»
2266 3592 6 18 i

1746 3612 43 21 fait
1804 3613 69 25 appel
1885 3612 60 22 cette
1961 3611 75 23 année
2048 3612 16 20 â
2078 3613 88 22 Marcel
2180 3613 101 22 Antoine

1744 3638 65 22 sacré
1824 3637 142 23 récemment
1980 3637 79 25 prince
2076 3638 41 23 des
2134 3639 145 25 humoristes,

1744 3667 43 21 par
1801 3668 38 17 ses
1856 3664 69 24 pairs.
1942 3664 20 22 Il
1979 3667 15 16 a
2010 3662 50 22 bâti
2075 3668 29 17 en
2120 3664 54 26 cinq
2189 3669 51 18 secs
2255 3664 25 21 et

1744 3690 51 23 sept
1813 3689 66 21 cents
1896 3688 143 22 calembours
2055 3693 46 16 une
2119 3693 70 17 revue
2204 3689 75 25 pleine

1744 3713 133 25 d'imprévu,
1890 3714 72 22 alerte
1971 3713 26 22 et
2009 3717 130 20 mousseuse
2153 3712 15 24 â
2181 3715 99 22 souhait.

1744 3739 55 21 Fort
1813 3739 55 22 bien
1886 3739 70 22 écrite
1974 3738 63 23 aussi
2042 3743 5 7 1
2053 3739 24 21 et
2094 3739 32 23 où
2142 3740 89 26 l'esprit
2248 3739 32 24 du

1745 3765 49 21 mot
1806 3765 26 22 et
1846 3765 28 22 de
1888 3765 25 21 la
1926 3763 58 23 rime
1995 3764 22 23 le
2033 3763 90 28 dispute
2137 3765 16 23 à
2165 3765 116 24 l'humour

1744 3789 41 21 des
1804 3790 125 22 situations
1946 3789 25 22 et
1991 3793 31 18 au
2041 3789 107 25 pimpant
2164 3791 40 23 des
2224 3795 43 19 cou-

1745 3814 65 25 plets.
1821 3815 88 21 Mantel
1920 3814 99 22 Antoine
2031 3814 46 22 fait
2087 3815 40 22 des
2138 3816 61 24 mots
2210 3816 70 23 rlmeis

1743 3843 31 18 ou
1798 3841 41 21 des
1865 3839 226 23 rimes-calembours
2116 3846 58 18 sans
2200 3842 80 25 effort,

1744 3869 88 19 comme
1851 3865 18 23 il
1889 3865 96 25 respire;
2005 3865 62 22 aussi
2086 3871 44 17 son
2150 3871 78 20 œuvra
2248 3871 31 18 en

1743 3890 159 24 contient-elle
1924 3891 41 21 des
1985 3890 85 21 tonnes
2079 3891 5 20 !
2104 3893 46 20 Des
2170 3892 109 23 cascades

1743 3914 28 24 de
1787 3915 59 22 «rires
1862 3920 32 17 en
1911 3916 42 22 ont
1970 3914 81 22 secoué
2067 3916 25 22 la
2107 3917 49 21 très
2173 3917 105 25 élégante

1743 3940 127 24 assistance
1881 3942 39 25 qui
1932 3946 24 16 se
1966 3940 98 26 pressait
2073 3941 15 22 à
2101 3942 36 23 «la
2147 3942 131 27 premiÈtreei.

1743 3966 38 21 Un
1804 3966 62 24 léger
1886 3965 78 26 regret
1988 3965 116 25 «peut-être
2132 3972 6 17 :
2164 3968 24 22 la
2209 3973 69 18 revue

1742 3990 142 25 n'égratigne
1900 3990 78 26 guère;
1996 3991 55 21 c'est
2065 3997 33 16 un
2112 3996 166 23 manquement

1742 4016 15 21 à
1767 4016 25 22 la
1805 4016 118 23 tradition.
1935 4016 40 22 Un
1985 4015 94 24 souhait
2094 4022 5 16 :
2114 4018 50 23 voir
2176 4023 25 17 ce
2211 4024 54 20 spec-

1742 4041 60 23 tacle
1821 4046 40 17 sur
1879 4046 46 18 une
1946 4040 68 23 scène
2028 4041 111 25 régulière
2158 4044 67 22 entre
2244 4045 34 22 les

1742 4066 77 22 mains
1834 4066 116 23 d'artistes
1961 4066 180 25 professionnels
2154 4074 95 21 rompus
2264 4074 14 17 a

1742 4096 26 18 oe
1784 4096 69 20 genre
1869 4092 29 22 de
1914 4091 71 27 sport.

1768 4117 179 22 Citerons-nous
1977 4116 76 26 parmi
2082 4118 35 22 les
2146 4120 131 25 vingt-cinq

1742 4141 79 21 scènes
1842 4142 21 22 d'
1885 4149 9 10 «
1903 4142 107 21 Ouvrons
2025 4142 101 25 l'Heysel
2134 4153 9 10 »
2163 4145 55 23 celle
2238 4146 40 25 qui

1743 4167 123 23 marquent
1876 4167 23 21 le
1910 4167 78 21 mieux
1996 4167 11 20 ?
2020 4167 21 21 U
2052 4172 15 20 y
2077 4173 14 17 a
2103 4170 22 21 le
2136 4171 129 25 rajeunisse-

1743 4192 64 20 ment
1826 4192 28 21 de
1873 4192 73 21 Faust
1964 4192 43 21 (les
2026 4192 46 22 airs
2090 4194 28 22 de
2137 4196 74 22 Faust
2228 4197 37 22 tra

1744 4216 62 25 dul.ts
1818 4221 32 19 en
1863 4217 81 22 motifs
1957 4217 141 26 modernes);
2112 4220 22 21 Il
2147 4225 15 21 y
2175 4226 15 17 a
2203 4221 25 24 la
2241 4226 24 18 re

1742 4245 43 18 vue
1803 4240 40 23 des
1857 4242 47 23 airs
1920 4242 15 21 à
1949 4242 24 22 la
1988 4242 66 22 mode
2073 4245 65 22 (avec
2153 4246 68 24 l'aide
2237 4247 41 23 des

1742 4266 141 24 projections
1909 4267 141 23 lumineuses
2076 4269 187 27 humoristique)
2271 4277 5 18 ;

1743 4291 17 22 11
1774 4295 15 21 y
1805 4296 16 16 a
1835 4292 25 21 le
1876 4292 133 26 crépuscule
2027 4293 39 22 des
2083 4295 63 25 jeux;
2166 4297 34 21 les
2213 4297 65 23 rêves

1743 4320 30 15 en
1785 4316 88 21 dessins
1886 4317 98 25 animés;
1997 4318 33 21 les
2042 4319 120 25 actualités
2173 4327 103 17 sonores-

1744 4347 9 10 ce
1762 4341 79 24 quand
1852 4342 138 24 gazouillent
1998 4343 36 21 les
2043 4346 99 22 gwttes
2151 4355 8 11 »
2165 4352 6 19 ;
2184 4352 34 17 un
2227 4348 52 25 plus

1744 4369 32 16 un
1794 4365 63 24 égale
1874 4366 61 25 zéro;
1955 4367 28 22 de
1998 4367 97 26 Gounod
2112 4371 15 22 à
2143 4372 132 25 Bednasky;

1743 4390 17 21 11
1770 4394 16 21 y
1797 4395 39 19 »...
1849 4391 35 23 les
1893 4391 128 22 nombreux
2030 4393 81 26 ballets
2121 4397 25 22 et
2157 4398 34 21 les
2203 4398 64 23 diver-

1744 4415 132 22 tissements
1894 4421 44 21 par
1956 4416 35 23 les
2006 4418 92 27 petiots;
2118 4422 18 21 il
2153 4427 16 22 y
2186 4428 39 17 a...
2245 4428 32 18 un

1744 4440 106 24 prologue
1872 4440 55 23 hors
1948 4442 64 23 actes
2027 4444 26 22 et
2072 4438 153 33 trente-trois'
2239 4449 32 23 ta-

1745 4465 81 21 bleaux
1837 4465 5 20 !

1744 4490 80 39 rtrtll
1820 4495 14 16 0
1834 4490 149 39 ^^^.^
1984 4492 15 22 11
2000 4498 49 31 ^'
2061 4496 98 25 auteur
2173 4499 38 23 fut
2221 4504 49 19 cv*

1744 4515 80 21 tlonné
1838 4516 26 21 et
1879 4516 79 23 c'était
1973 4517 90 26 justice.

1768 4540 65 23 Oeux
1848 4541 41 26 qui
1904 4543 171 24 contribuèrent
2091 4546 16 23 &
2120 4553 25 19 ce
2161 4548 48 24 très
2226 4554 52 19 gros

1744 4565 78 24 succès
1836 4575 28 8 —
1878 4567 138 24 sanctionné
2028 4574 43 20 par
2085 4573 194 25 d'innombrables

1742 4591 93 25 rappels
1844 4601 29 8 —
1881 4593 54 22 sont
1947 4593 53 26 trop
2010 4594 5 21 I
2028 4589 21 27 S
2059 4600 16 19 y
2085 4603 13 18 2
2109 4599 31 22 du
2152 4599 51 23 côté
2215 4605 62 18 mas-

1742 4615 64 22 culln
1816 4617 93 23 surtout
1920 4617 65 24 René
1997 4619 94 24 Ramlot
2102 4624 25 21 et
2138 4625 79 21 Vlotor
2228 4626 49 21 Sic-

1742 4641 65 25 card;
1833 4642 53 26 puis
1910 4643 102 25 Georges
2034 4644 120 30 Fontaine,
2174 4651 101 23 Ausloos,

1742 4666 70 25 Wllly
1830 4662 108 31 Jacques;
1960 4669 32 21 du
2010 4669 52 25 côté
2080 4673 97 25 féminin
2176 4668 29 30 T:
2225 4669 49 31 M*

1741 4691 101 26 Slccard,
1860 4693 64 22 M""
1942 4694 68 25 Nelly
2025 4701 32 17 en
2072 4698 90 23 Andrée
2180 4701 94 24 Coupez,

1742 4717 87 23 Hélène
1844 4718 28 21 T
1882 4719 51 24 Sas,
1946 4719 85 22 Denise
2045 4721 132 28 Beersman,
2192 4726 85 23 Levac-

1741 4746 51 22 que,
1811 4742 133 27 Ohrlstlano
1959 4745 95 24 Eymael
2076 4748 48 26 (qm
2143 4753 90 22 promet
2252 4752 25 23 et

1741 4768 39 24 qui
1790 4768 112 27 tiendra),
1914 4770 133 26 Jacqueline
2059 4773 127 27 Moerman,
2198 4778 25 20 la
2235 4782 28 19 pe-

1741 4794 43 22 tite
1801 4794 93 23 Clavert
1906 4795 56 26 '(qui
1976 4797 88 21 connut
2079 4803 34 18 un
2128 4802 50 21 vrai
2194 4803 70 21 triom-

1740 4818 47 25 phe
1808 4819 62 23 dana
1893 4824 38 18 aea
1952 4821 129 23 imitations
2101 4825 29 22 de
2152 4827 117 22 Lucienne

1739 4844 75 25 Boyer
1833 4846 27 23 et
1880 4845 29 22 de
1929 4846 90 24 Raquel
2036 4847 100 27 Meller),
2157 4852 24 22 la
2203 4853 71 23 petite

1739 4869 85 24 Odette
1838 4870 79 26 Lhost,
1931 4871 90 23 Jeanne
2034 4872 136 30 Tastenoye,
2182 4877 80 23 Simon-

1738 4899 32 19 ne
1781 4895 106 26 Jacquet,
1897 4897 26 21 et
1936 4896 41 22 des
1987 4897 117 26 quantités
2116 4902 110 23 d'autres'
2241 4904 33 23 les

1737 4919 127 25 régisseurs
1878 4921 93 22 Ressler
1982 4922 25 21 et
2022 4921 102 28 Slccard;
2142 4927 33 21 M
2190 4928 79 23 Poloff

1738 4946 40 23 qui
1799 4946 65 26 régla
1883 4946 36 22 les
1935 4946 86 23 danses
2040 4948 25 22 et
2085 4950 34 22 les
2139 4952 93 24 ballets;
2253 4954 20 21 le

1738 4970 206 25 chef-d'orchestoe
1966 4972 109 27 Geroday
2095 4977 26 21 et
2143 4982 37 18 ses
2201 4979 60 22 «musi-

1738 4996 64 22 ciens
1821 4997 39 26 qui
1878 4997 74 23 firent
1970 4997 29 22 de
2018 4997 50 23 leur
2086 5001 83 24 mieux,
2189 5008 26 17 oe
2235 5004 37 21 oui

1738 5021 83 22 n'était
1833 5026 43 21 pas
1886 5022 48 23 mal
1943 5022 8 20 !
2163 5017 6 10 '
2189 5011 25 16 w
2235 5011 29 18 ,u

1763 5046 113 23 Reconnu
1886 5052 31 18 au
1928 5046 94 25 hasard,
2034 5053 45 18 aux
2090 5050 63 24 côtés
2164 5053 41 23 des
2217 5054 44 21 diri-

1738 5072 83 24 geants
1836 5073 28 22 de
1882 5080 9 10 e.
1899 5073 34 22 La
1947 5072 133 25 Protection
2087 5084 9 10 •
2117 5081 6 17 :
2141 5078 51 22 M™"
2208 5079 53 22 Mar-

1737 5096 35 23 cel
1791 5097 107 24 Antoine,
1917 5098 33 22 M.
1969 5097 27 23 et
2013 5098 52 22 M""
2085 5101 123 25 Raymond
2223 5104 42 24 Ry,

1738 5122 201 25 pens-Verhassel;
1955 5122 34 23 M.
1999 5123 26 22 et
2038 5124 51 22 M-
2105 5128 96 23 Charles
2216 5129 46 22 Pro-

1737 5144 65 28 fiter;
1826 5148 33 22 M.
1880 5148 27 21 et
1928 5148 53 23 M"*
2001 5148 80 23 Albert
2102 5152 93 25 Lenoir;
2221 5155 32 21 M'

1738 5172 115 26 Oharller;
1867 5173 33 22 M.
1912 5173 25 23 et
1948 5173 52 22 M""
2012 5173 116 29 Mathieu;
2140 5179 32 22 M.
2184 5179 25 22 et
2221 5180 32 21 M'

1738 5197 89 25 George
1844 5198 110 25 Antoine;
1973 5198 33 23 M.
2021 5199 65 23 René
2103 5203 77 24 Calés;
2200 5205 32 21 M.
2248 5205 25 22 et

1739 5224 50 21 M""
1801 5223 54 23 Van
1868 5219 144 30 Ingelghem;
2028 5224 32 22 M.
2073 5227 26 22 et
2109 5228 53 22 M"
2176 5229 89 23 Lempe-

1739 5253 60 21 reur;
1819 5249 44 22 etc.

1762 5274 22 22 A
1810 5275 133 22 l'entr'aetc,
1967 5278 48 19 une
2041 5277 176 25 manifestation
2244 5280 28 23 de

1738 5299 131 27 sympathie
1883 5300 41 23 eut
1935 5299 47 24 lieu
1995 5303 32 19 en
2039 5301 122 25 l'honneur
2174 5304 29 23 de
2215 5309 45 21 qua-

1739 5324 36 24 tre
1791 5332 10 11 «
1809 5324 99 23 dévoués
1915 5333 9 11 .
1942 5325 28 21 de
1986 5332 10 11 e.
2003 5325 34 21 La
2048 5326 133 25 Protection
2188 5337 10 11 •
2218 5334 7 17 :
2241 5330 27 22 M

1739 5349 64 23 René
1819 5349 101 24 Ramlot.
1939 5348 45 24 M"
1986 5351 19 12 M
2025 5350 84 26 Denise
2128 5354 142 24 Beeremans,

1740 5374 89 24 Andrée
1839 5375 26 24 et
1875 5373 67 28 Nelly
1952 5374 96 27 Coupez.

1763 5399 35 23 La
1815 5404 70 19 «revue
1903 5400 30 24 da
1952 5399 51 24 «La
2021 5399 149 27 Protection»
2191 5409 16 17 a
2225 5404 48 25 pris

1739 5428 33 19 un
1788 5424 146 24 merveilleux
1954 5424 88 26 départ.
2061 5426 49 23 Elle
2130 5428 51 22 feara
2199 5429 74 22 certes

1738 5448 31 24 de
1783 5449 127 22 nombreux
1925 5449 76 23 beaux
2012 5449 65 25 soirs,
2091 5460 30 9 —
2133 5453 29 21 o.

2322 2612 33 21 La
2364 2612 73 25 police
2447 2612 33 22 du
2489 2613 98 25 parquet
2597 2613 29 21 de
2637 2610 119 26 Bruxellea
2766 2619 14 16 a
2790 2618 29 18 ar-

2297 2636 47 22 rêté
2361 2642 33 17 un
2411 2638 113 24 individu,
2541 2638 58 21 sorti
2615 2638 143 22 récemment
2775 2639 56 21 d'un

2295 2662 57 21 asile
2380 2662 111 22 d'aliénés
2518 2663 29 22 de
2576 2663 168 26 Saint-Trond,
2770 2665 61 21 Jean

2295 2687 135 24 Plumhans,
2445 2687 31 21 né
2493 2688 15 21 à
2523 2687 188 27 Petlt-Reohain,
2724 2693 33 17 en
2774 2689 57 21 1895.

2323 2713 31 20 Ce
2365 2717 144 21 personnage
2519 2713 79 22 s'était
2608 2714 46 21 fait
2664 2714 110 22 remettre
2784 2719 47 17 une

2296 2742 87 16 somme
2394 2738 30 21 de
2437 2738 72 23 17,000
2520 2738 81 21 francs
2613 2743 44 21 par
2667 2743 47 18 une
2726 2743 79 21 veuve,
2816 2739 15 23 &

2296 2763 39 24 qui
2350 2763 18 20 il
2382 2763 65 20 avait
2462 2763 87 25 promis
2562 2763 23 22 le
2599 2764 111 25 mariage.

2322 2794 21 21 B
2355 2799 27 17 ee
2395 2794 71 21 disait
2479 2793 123 26 ingénieur
2613 2795 81 21 retour
2706 2795 33 22 du
2753 2796 79 24 Congo

2295 2819 25 20 et
2332 2819 91 24 disposé
2435 2819 15 21 à
2461 2819 167 26 entrepren<Ire
2639 2820 30 22 de
2681 2820 101 25 grandes
2794 2821 26 21 af-

2296 2844 78 21 faires.

2322 2875 64 21 C'est
2397 2872 62 24 ainsi
2470 2875 55 25 qu'il
2538 2875 66 23 avait
2613 2875 84 24 ouvert
2708 2876 41 21 des
2761 2880 60 22 pour-

2297 2899 90 23 parlers
2396 2904 33 20 en
2441 2904 43 19 vue
2497 2900 28 21 de
2538 2901 87 21 l'achat
2636 2901 70 22 d'une
2717 2901 115 26 propriété

2297 2927 56 18 avec
2367 2925 66 21 Usine
2444 2925 19 21 4
2472 2925 118 26 "Vilvorde,
2601 2926 26 20 et
2640 2926 56 24 qu'il
2708 2926 66 21 avait
2787 2926 45 21 fat*

2297 2949 15 21 h
2324 2949 100 23 diverses
2433 2949 83 22 firmes
2524 2950 178 25 d'importantes
2712 2955 109 17 comman-

2298 2974 47 22 dées.
2358 2984 29 6 —
2400 2974 28 22 C.

2897 1082 104 18 CABINET
3017 1082 35 17 DU
3070 1081 107 16 FREMIER
3194 1080 118 16 MINISTRE

2858 1111 49 17 Sont
2923 1109 72 17 insérés
3010 1109 33 17 des
3060 1107 73 17 arrêtée
3148 1109 74 15 royaux
3239 1109 6 15 :

2860 1131 17 17 11
2891 1128 74 19 Relatif
2980 1128 12 18 k
3007 1128 21 17 la
3042 1128 121 19 compétence
3179 1127 20 17 et
3214 1129 26 14 au
3256 1125 77 20 ressort,
3349 1128 23 14 ea

2837 1150 82 17 matière
2934 1149 56 18 civile
3005 1149 21 16 et
3041 1147 133 18 commerciale
3190 1146 20 17 et
3225 1146 13 17 k
3253 1145 72 21 l'appel
3341 1145 32 17 des

2837 1170 109 20 Jugements
2960 1169 33 17 des
3006 1168 55 20 Juges
3075 1168 24 16 de
3112 1167 53 20 paix;

2860 1190 18 19 2)
2893 1189 73 17 Relatif
2987 1192 25 14 au
3033 1188 80 17 nombre
3132 1187 34 17 des
3185 1186 56 21 Juges
3261 1185 113 21 suppléants

2838 1211 34 17 des
2884 1210 55 20 Juges
2953 1209 23 17 de
2989 1212 54 17 paix;

2860 1231 18 19 S)
2892 1229 110 17 Instituant
3015 1231 38 14 une
3066 1226 105 22 proceSdute
3185 1226 67 20 rapide
3267 1229 24 14 en
3304 1225 71 20 Justice

2839 1251 24 17 de
2882 1250 46 20 paix
2954 1249 77 19 lorsque
3050 1248 18 17 le
3086 1247 92 18 montant
3198 1247 24 17 de
3242 1246 19 17 la
3281 1245 94 18 demande

2839 1263 107 28 principale
2960 1268 90 18 n'excède
3063 1271 36 18 pas
3111 1267 20 18 le
3143 1268 48 15 taux
3204 1266 26 18 du
3244 1266 77 17 dernier
3335 1268 31 14 res-

2839 1291 49 19 sort;
3333 1293 15 16 /

2861 1310 19 18 41
2894 1309 83 18 Portant
2993 1308 47 20 qu'il
3056 1311 44 14 sera
3116 1309 74 18 pourra
3207 1309 38 14 aux
3261 1305 65 21 places
3343 1307 33 15 des

2840 1331 55 19 Juges
2917 1330 24 16 de
2963 1328 45 21 paix
3031 1328 33 17 des
3087 1328 83 16 cantons
3191 1326 24 17 de
3237 1325 139 18 Malines-Bud,

2841 1351 65 17 Ciney.
2922 1349 104 17 Florennes
3041 1349 20 16 et
3075 1347 83 19 Tamise,
3173 1347 20 17 et
3209 1346 23 18 de
3247 1345 82 17 arefller
3343 1345 34 17 des

2843 1371 83 16 cantons
2952 1369 24 17 de
3000 1368 148 20 Hoogstraeten,
3174 1366 110 18 Wcsterloo.
3310 1365 66 19 Ciney,

2842 1390 109 19 Florennes,
2970 1388 98 20 Oenappe,
3088 1386 124 18 Namur-sud
3229 1386 21 17 et
3268 1385 59 18 aand
3348 1384 30 20 Oe

2841 1410 92 19 oanton);

2864 1430 18 18 S)
2897 1428 106 18 Modifiant
3018 1427 20 18 la
3053 1427 27 18 loi
3095 1427 26 18 du
3137 1427 20 16 U
3174 1425 50 18 avril
3240 1425 42 18 1933
3298 1424 81 18 relative

2843 1450 12 17 k
2875 1449 21 18 la
2915 1448 91 20 garantie
3025 1448 25 18 de
3069 1447 64 17 bonne
3153 1446 30 17 fin
3204 1445 131 21 d'opérations
3355 1444 24 18 ds

2842 1469 62 18 crédit
2919 1472 25 14 en
2958 1468 69 17 faveur
3041 1468 25 17 de
3080 1466 114 20 l'industrie,
3210 1466 23 17 de
3248 1464 131 22 l'agriculture

2843 1490 19 17 et
2879 1490 26 17 du
2921 1491 114 15 commerce:

2865 1510 18 17 S)
2897 1508 106 18 Modifiant
3018 1508 20 17 et
3054 1506 119 20 complétant
3188 1506 20 17 la
3223 1505 27 17 loi
3264 1505 27 18 du
3306 1506 11 15 4
3333 1504 46 18 août

2845 1530 42 16 1930
2907 1529 33 19 qui
2959 1527 109 21 généralisa
3088 1527 27 17 les
3135 1525 115 18 allocations
3270 1525 109 17 familiales.

2969 1554 116 18 AFFAIRES
3099 1552 156 18 ET«RANGEBES

2943 1575 31 17 ET
2992 1574 133 17 COMMERCE
3143 1572 138 17 EXTERIEUR

2866 1602 62 18 Ordre
2942 1601 25 18 de
2980 1601 20 17 U
3015 1600 108 18 Couronne.
3136 1608 23 5 —
3172 1598 27 18 M.
3213 1596 127 19 «Belchamber
3352 1597 28 20 F.,

2845 1623 11 17 {.
2871 1623 92 17 Douvres,
2980 1624 13 14 a
3007 1620 31 17 été
3053 1618 76 20 nommé
3144 1617 103 20 chevalier.

2866 1642 104 19 Consulats
2986 1639 121 18 honoraires.
3123 1647 23 5 —
3163 1639 27 17 M.
3206 1637 101 18 Whltaker
3323 1637 28 20 L.,
3369 1640 12 14 a

2845 1662 30 18 été
2892 1661 75 18 nommé
2983 1660 69 18 consul
3066 1659 24 18 de
3105 1658 91 21 Belgique
3211 1657 13 18 fc
3239 1658 93 17 Douvres.

2866 1681 104 18 Consulats
2984 1680 102 19 étrangers
3100 1683 24 13 eo
3139 1678 96 19 Belgique.
3249 1686 24 5 —
3285 1678 36 16 Les
3336 1680 35 13 con

2845 1702 62 17 sulats
2920 1701 23 18 de
2956 1701 57 17 Perse
3025 1704 13 13 a,
3049 1698 105 22 Bruxelles,
3167 1697 13 18 à.
3192 1697 58 19 aand
3262 1697 20 18 et
3295 1696 13 18 fc
3320 1697 52 17 Tour-

2845 1722 34 17 nai
2894 1722 36 17 ont
2945 1720 31 18 été
2992 1719 113 21 supprimée

3064 1745 99 18 JUSTICE

2868 1775 62 17 Ordre
2945 1773 115 18 nationaux.
3076 1780 24 6 —
3116 1771 50 18 Sont
3181 1769 87 19 nommés
3286 1773 8 14 :

2867 1794 141 19 Commandeur
3024 1793 24 17 de
3064 1791 76 18 l'Ordre
3156 1791 24 18 de
3196 1790 21 18 la
3231 1790 108 20 Couronne,
3355 1789 27 17 M.

2847 1814 98 18 Denecker
2959 1814 27 20 h.,
3002 1814 24 17 de
3041 1809 80 21 FurrfeB.
3298 1808 23 27 t.

2868 1834 82 17 Officier
2969 1835 24 17 de
3011 1833 76 18 l'Ordre
3105 1832 25 17 de
3147 1831 21 18 «i*
3186 1831 108 19 Couronne,
3312 1830 28 17 M.
3358 1829 25 18 de

2847 1856 39 19 Nys
2900 1855 41 18 Ch.,
2957 1854 85 19 d'Eupen
3207 1867 130 9 .........
3370 1868 6 8 ,

2868 1874 102 18 Chevalier
2983 1874 23 17 de
3018 1873 77 18 l'Ordre
3108 1872 24 18 de
3144 1870 89 22 «Léopold,
3246 1870 27 18 M.
3287 1869 94 17 Pletlmck

2847 1896 26 19 L.,
2890 1895 24 17 de
2928 1895 79 18 Bruges.
3270 1892 4 4 '

2870 1915 61 17 Ordre
2944 1913 109 21 judiciaire.
3066 1920 24 6 —
3103 1911 50 19 Sont
3166 1910 89 22 acceptés
3269 1910 30 18 le»
3313 1910 60 17 démis-

2847 1935 53 18 sions
2917 1937 6 13 t

2870 1955 28 17 De
2911 1954 27 18 M.
2951 1953 99 18 Denecker
3063 1953 27 19 L„
3105 1951 99 22 préslderit
3218 1950 26 18 du
3259 1950 87 18 tribunal
3360 1949 24 19 do

2848 1974 94 21 première
2956 1974 90 17 Instance
3059 1973 24 17 de
3097 1973 79 15 Fumes.

2870 1995 28 17 De
2911 1995 27 16 M.
2953 1994 23 17 de
2990 1993 39 20 Nys
3043 1992 41 19 Ch.,
3099 1992 45 20 Juge
3158 1991 24 17 de
3195 1990 47 21 paix
3255 1990 92 21 d'«Bupen.

2869 2015 29 16 De
2912 2014 26 16 M.
2953 2013 67 18 «Roisin
3034 2013 15 16 E
3056 2024 6 8 ,
3077 2012 24 18 de
3115 2011 94 18 Oedinne.

2871 2034 49 17 Sont
2938 2032 104 20 déchargés
3060 2033 24 18 de
3102 2031 52 18 leurs
3173 2031 97 17 fonctions
3291 2033 6 14 :
3317 2030 18 18 I)
3354 2029 30 18 Da

2848 2054 45 20 Juge
2914 2054 33 17 des
2968 2052 79 18 enfants
3067 2052 13 16 à
3099 2051 141 19 Neufch&teau.
3259 2050 28 18 M.
3306 2050 77 19 Netzer;

2849 2074 19 19 2)
2882 2074 24 17 de
2920 2074 45 19 Juge
2979 2072 137 18 d'instruction
3131 2071 12 19 fc
3157 2070 88 20 Nivelles.
3260 2071 27 16 M.
3302 2069 81 20 Evrard;

2849 2095 18 18 3)
2882 2094 24 17 de
2927 2093 45 20 Juge
2994 2092 137 19 d'instruction
3152 2091 13 17 fc
3187 2091 82 19 Hasselt,
3292 2090 28 18 M.
3341 2089 43 18 Van

2849 2114 61 18 Soest.

2871 2134 50 18 Sont
2938 2132 87 19 nommés
3047 2135 6 15 :
3072 2132 50 20 Juge
3140 2130 14 19 fc
3170 2130 62 21 Liège,
3252 2130 27 17 M.
3298 2130 76 17 Dumou-

2849 2154 29 18 lin
2895 2154 21 17 L.

2871 2174 59 20 Juges
2952 2171 114 23 suppléants
3089 2174 7 15 :
3119 2171 13 18 fc
3154 2171 103 19 Bruxelles,
3281 2170 28 18 M.
3331 2170 51 16 Mar-

2870 2214 18 17 A
2900 2205 232 28 Ho'ilogne-aux-PierTes,
3145 2211 28 18 M.
3185 2209 75 20 Subert
3273 2210 19 19 J,

2870 2234 18 17 A
2900 2233 54 19 Looz,
2967 2233 26 16 M.
3007 2231 81 21 Rojnsée
3099 2232 24 16 N.

2870 2254 18 17 A
2902 2253 104 20 Bastogne,
3020 2252 27 17 M.
3061 2251 89 18 Bosseler
3162 2250 25 18 H.

2870 2274 18 17 A
2900 2273 89 19 Pallseul,
3003 2272 27 17 M.
3043 2272 64 17 Istace
3119 2271 19 17 J.

2872 2292 87 18 Greffier
2975 2291 144 18 surnuméraire
3134 2290 13 18 fc
3161 2289 63 21 Liège.
3240 2290 26 17 M.
3283 2289 62 18 Piette
3360 2289 25 17 H.

2872 2313 35 17 Est
2931 2311 78 21 désigné
3033 2314 74 15 comme
3130 2310 56 20 Juges
3210 2310 35 17 des
3268 2309 80 18 enfants
3373 2308 12 18 fc

2851 2332 139 18 NeufcbeUeau,
3009 2332 27 16 M.
3054 2330 108 19 Francken.

2872 2352 35 18 «Est
2923 2351 78 21 désigné
3018 2354 74 14 comme
3107 2351 46 20 Juge
3169 2348 137 19 d'instruction
3322 2348 14 18 A
3351 2348 25 18 Ni-

2852 2372 62 20 velles,
2930 2372 27 18 M.
2973 2371 106 18 Sandront.

2872 2393 34 16 Est
2921 2392 77 18 désigné
3013 2394 73 14 comme
3099 2391 45 19 Juge
3159 2389 136 18 d'Instruction
3310 2388 13 18 fc
3336 2388 51 18 Eas-

2852 2412 42 20 selt,
2910 2412 27 17 M.
2952 2411 85 17 KeUens.

2874 2432 95 16 Notariat.
2983 2439 24 5 —
3020 2430 34 18 Est
3068 2430 89 19 acceptée
3170 2430 21 18 la
3205 2428 103 19 démission
3323 2428 25 19 do
3360 2428 27 17 M.

2852 2451 74 18 Martin
2942 2451 28 19 E.,
2986 2451 78 17 notaire
3079 2450 13 17 fc
3107 2449 51 18 Visé.

2874 2471 35 18 Est
2922 2470 77 19 nommé
3013 2470 77 18 notaire
3105 2469 12 18 fc
3131 2469 50 21 Tlsé,
3197 2470 26 16 M.
3237 2468 76 19 Martin
3327 2468 24 19 O.

3060 2496 118 18 FINANCES

2875 2523 61 18 Ordre
2950 2524 24 17 de
2986 2522 84 21 Léopold
3083 2523 24 15 il.
3121 2529 25 6 —
3157 2522 36 17 «Est
3205 2524 70 18 promu
3289 2524 26 14 au
3329 2521 60 20 grade

2854 2544 101 18 d'officier.
2971 2543 26 17 M.
3014 2542 78 20 Wespln
3106 2542 25 17 O.

2875 2562 162 19 Administration
3062 2562 25 17 de
3110 2561 175 21 l'enregistrement
3310 2561 20 17 et
3355 2561 34 18 des

2853 2583 105 17 domaines.
2972 2591 24 5 —
3010 2582 108 17 Démission
3134 2585 30 14 est
3180 2580 91 19 accordée
3286 2580 14 18 fc

2873 2603 48 18 MM.
2940 2602 79 21 Wespln
3037 2603 32 18 a..
3089 2602 111 20 Inspecteur
3218 2601 25 18 de
3261 2601 21 17 la
3298 2601 48 17 taxe
3365 2601 24 17 de

2853 2623 142 19 transmission,
3010 2622 13 17 fc
3038 2621 106 20 Bruxellei.

2874 2643 73 17 Denuit
2966 2643 29 19 V.,
3016 2645 90 15 receveur
3125 2641 35 19 des
3179 2641 43 18 arts
3240 2640 57 19 civils
3315 2641 22 17 et
3354 2641 35 18 des

2854 2663 124 19 successions,
2993 2661 13 17 fc
3018 2662 64 18 Mona.

2874 2683 50 17 Sont
2937 2681 86 19 nommés
3038 2685 98 13 receveurs
3153 2684 6 14 :

2874 2703 39 17 Des
2927 2702 119 17 successions
3059 2701 14 19 fc
3087 2701 125 20 Schaerbeek,
3226 2701 29 18 Ici.
3267 2701 59 18 Louis
3339 2701 23 18 A.
3377 2700 12 18 fc

2854 2722 109 20 Limbourg;

2875 2742 39 18 Des
2932 2743 54 17 actes
3004 2742 151 17 administratifs
3173 2743 21 16 et
3211 2743 35 16 daa
3263 2742 85 17 cessions
3365 2741 24 18 de

2854 2762 58 18 fonds
2928 2762 24 17 de
2967 2765 105 14 commerce
3087 2761 14 18 fc
3115 2761 63 20 Liège,
3192 2762 28 17 M.
3236 2762 80 16 Vanllnt
3330 2761 31 20 H.,
3376 2760 13 18 fc

2854 2781 96 21 Gedlnne;

2875 2802 29 18 De
2920 2801 174 21 l'enregistrement
3109 2803 22 16 et
3145 2802 34 19 des
3194 2801 101 19 domaine*
3312 2805 8 15 :

2877 2822 18 19 1)
2907 2822 19 18 A
2943 2821 120 21 Templeuve,
3082 2822 28 17 M.
3129 2822 104 19 Descamps
3251 2822 32 20 Q.,
3303 2821 78 19 d'Arlon

2875 2842 20 19 3)
2908 2842 17 17 A
2941 2842 107 20 Messanay,
3065 2842 27 19 V.
3109 2842 116 16 Demarbalx
3241 2841 26 21 J.,
3285 2841 24 18 de
3325 2842 56 17 Mons

2876 2861 20 18 4)
2908 2862 18 17 A
2941 2861 115 20 Houffalize.
3073 2862 27 17 M.
3115 2861 75 18 Willem
3205 2862 28 18 E.,
3249 2861 25 18 de
3289 2862 80 17 Namur.

2877 2882 75 16 Conseil
2973 2881 79 20 général
3073 2882 22 16 cet
3113 2881 77 18 Conseil
3212 2881 179 17 d'administration

2856 2901 24 18 de
2893 2902 21 17 la
2928 2901 67 18 Caisse
3009 2906 11 14 r
3022 2901 22 17 en
3047 2901 19 17 êr
3068 2902 30 16 aie
3112 2901 105 20 d'âpargsa
3231 2902 19 16 et
3265 2901 25 19 da
3304 2901 87 18 retraita.

2855 2929 23 6 —
2891 2921 31 18 Un
2935 2921 69 18 arrêté
3014 2921 54 20 royal
3082 2921 114 19 renouvelle,
3211 2924 54 19 pour
3273 2922 29 16 six
3317 2924 42 17 ans,
3375 2921 18 18 le

2857 2941 82 17 mandat
2953 2941 24 17 de
2990 2941 49 18 «MM.
3052 2940 43 18 Van
3110 2941 25 19 de
3148 2942 72 19 Vyvere
3234 2941 32 20 A.;
3280 2942 70 19 Segers
3365 2942 26 17 P..

2856 2961 21 17 et
2889 2960 56 18 -«NesB-
2951 2967 3 4 ■
2959 2962 28 18 P..
3000 2961 106 19 -membres
3127 2961 26 18 du
3177 2961 70 17 conseil
3269 2960 81 21 général
3360 2965 4 4 '
3371 2962 20 17 et

2856 2984 76 15 nomme
2946 2980 13 17 fc
2975 2984 32 15 ces
3022 2979 99 20 fonctions
3133 2982 29 17 «M.
3175 2981 100 21 Jaunjaux
3289 2982 22 17 A.

3385 170 143 51 UNE
3560 157 317 62 TRAGÉDI

3533 227 197 64 ÉVITÉ
3738 238 39 49 E

3484 328 45 33 ON
3548 327 126 35 FRAPPE
3692 326 47 34 AU
3757 324 76 35 MUR

3388 393 239 34 L'INSTITUTEUR
3646 392 125 35 ARRIVE
3786 391 24 33 A
3822 390 107 38 TEMPS

3543 440 90 32 POUR
3651 439 129 34 SAUVER

3429 486 41 33 SA
3488 485 115 34 FEMME
3621 486 40 32 ET
3680 485 62 33 SON
3762 483 129 34 ENFANT

3416 540 97 24 Namur.
3526 539 26 21 19
3564 538 98 27 Janvier.
3673 549 29 6 —
3714 538 40 22 tm
3768 535 107 24 accident
3886 535 44 26 «il

3391 570 15 16 a
3418 565 61 21 failli
3490 564 66 23 avoir
3568 565 40 20 des
3622 564 169 25 conséquences
3804 563 124 24 tragiques.

3391 591 65 22 vient
3469 590 29 22 de
3512 595 24 16 se
3551 590 108 25 produire
3671 589 58 22 ches
3742 589 33 22 M.
3789 588 23 24 J.
3825 589 91 20 Alexan-

3391 616 48 22 dre.
3457 615 136 21 Instituteur
3611 614 16 23 à
3645 612 270 23 Louette-Saint-Denis.

3418 641 100 20 Celui-ci
3528 645 26 16 se
3566 641 112 21 trouvant
3687 643 33 18 en
3730 638 81 25 classe,
3821 637 108 23 entendit

3391 666 54 22 tout
3458 665 15 21 à
3487 669 60 21 coup
3560 665 96 25 frapper
3668 664 16 22 à
3697 664 26 22 la
3735 663 88 22 cloison
3837 663 40 26 qui
3890 661 26 23 sé-

3392 696 56 20 pare
3464 690 78 23 l'école
3558 690 29 22 de
3604 694 43 17 son
3663 690 124 24 logement.
3804 690 31 19 Ce
3853 688 76 24 signal

3393 721 104 16 convenu
3512 720 31 17 ne
3558 715 78 22 devait
3651 715 47 21 être
3714 713 78 23 donné
3806 714 70 25 qu'en
3887 716 44 27 (as

3392 740 125 23 d'extrême
3532 744 107 22 urgence.

3419 767 33 21 M.
3475 766 129 20 Alexandre
3626 770 26 17 se
3674 763 115 27 précipita
3811 764 57 22 chez
3888 763 42 22 lui.

3392 791 61 24 Quel
3471 796 31 17 ne
3520 790 39 23 fut
3577 795 44 21 pas
3637 794 44 17 son
3699 790 71 20 effroi
3789 789 29 22 de
3837 789 94 21 trouver

3394 815 140 23 abandonné
3545 820 42 18 sur
3598 820 35 17 un
3645 815 100 22 fauteuil
3757 815 29 21 de
3798 815 25 21 la
3836 814 95 24 cuisiné,

3393 847 44 17 son
3450 841 58 22 bébé
3521 841 30 22 de
3564 841 58 22 trois
3635 841 65 24 mois,
3714 845 30 17 ne
3758 840 108 21 donnant
3880 838 52 26 plus

3393 868 66 24 signe
3474 867 29 22 de
3519 867 44 25 vie,
3577 867 26 21 et
3617 870 27 17 sa
3659 866 86 21 femme
3762 864 100 23 étendue
3876 864 42 22 ina-

3394 892 77 23 nimée
3483 897 42 16 sur
3536 892 22 22 le
3570 891 100 26 parquet
3680 891 30 22 de
3722 889 102 23 l'arrière
3837 890 95 23 cuisine.

3394 919 33 21 La
3438 917 63 23 mère
3511 917 25 22 et
3547 916 101 23 l'enfant
3659 915 95 23 avalent
3764 915 52 22 subi
3827 919 34 18 un
3868 919 63 17 com.

3395 942 147 22 mencement
3557 941 177 24 d'Intoxication
3747 944 127 22 provoquée
3890 944 43 21 «par

3395 969 88 23 l'oxyde
3511 968 31 21 de
3570 967 99 21 carbone
3697 965 153 26 s'échappant
3877 965 56 22 d'un

3396 994 64 23 poêle
3478 994 17 21 à
3513 994 40 20 feu
3572 992 104 26 continu,
3693 992 60 23 dont
3769 996 23 16 .a
3813 991 119 21 cheminée

3396 1019 66 22 tirait
3475 1017 56 26 mal.

3422 1044 96 24 Soignés
3530 1042 106 25 aussitôt,
3646 1043 53 21 M"*
3711 1041 130 23 Alexandre
3852 1041 26 22 et
3889 1045 44 18 son

3395 1070 86 21 enfant
3493 1069 86 25 purent
3592 1067 49 22 être
3653 1066 110 27 rappelés
3773 1067 15 22 à
3800 1067 25 21 la
3836 1066 45 22 vie.

3541 1116 246 36 L'ÉBOULEMENT

3520 1174 39 29 DE
3577 1170 244 33 BEYNE-HEUSAY

3496 1232 44 24 (De
3554 1231 68 22 notre
3636 1230 87 25 envoyé
3737 1229 101 25 spécial.)

3504 1263 84 24 (Voyei
3598 1261 73 22 débat
3679 1266 32 17 en
3720 1265 60 22 pafe
3791 1261 33 24 1.1

3423 1294 76 25 Liège,
3513 1294 25 21 19
3554 1292 98 26 Janrtèr.
3667 1303 29 6 —
3710 1292 105 24 Aussitôt
3831 1291 69 27 après
3914 1291 25 22 la

3399 1320 105 22 remonte
3517 1320 28 21 de
3560 1319 79 22 Zauns
3652 1320 24 21 et
3690 1318 28 22 de
3732 1318 81 31 Mertz,
3827 1319 32 19 M.
3874 1318 64 20 Rub-

3400 1345 63 25 bens,
3478 1345 106 22 ministre
3600 1344 29 22 de
3645 1343 133 23 l'Industrie
3790 1342 26 24 et
3832 1343 32 22 du
3879 1343 47 22 Tra-

3401 1371 52 24 vail,
3471 1376 16 15 a
3499 1370 75 25 repris
3590 1370 22 22 le
3630 1369 94 22 chemin
3742 1369 28 22 de
3788 1368 125 21 Bruxelles.

3425 1397 45 20 Les
3486 1396 61 22 deux
3560 1395 107 26 rescapés
3683 1395 44 22 ont
3745 1395 36 20 été
3799 1395 84 23 dirigés
3896 1398 44 17 sur

3401 1421 143 21 l'Infirmerie
3558 1422 32 20 du
3604 1420 164 24 charbonnage
3782 1420 28 22 de
3824 1419 117 23 wérister.

3426 1447 79 22 Zauns
3522 1447 41 21 n'a
3578 1450 43 21 que
3641 1445 109 27 quelques
3768 1444 170 26 égratignuies;

3403 1472 73 21 Mertz
3491 1477 15 16 a
3521 1476 33 18 un
3568 1471 96 26 poignet
3677 1470 61 23 luxé.

3428 1498 43 21 Les
3486 1497 61 22 deux
3563 1498 104 20 hommes
3681 1497 43 21 ont
3737 1495 37 23 été
3789 1494 124 28 précipités
3926 1495 16 22 à

3401 1527 91 20 genoux
3509 1522 53 26 près
3579 1522 56 22 d'un
3652 1521 130 26 wagonnet,
3798 1521 27 22 et
3843 1522 29 21 ils
3887 1521 55 22 sont

3403 1548 72 21 restés
3491 1549 60 21 dans
3566 1548 60 23 cette
3643 1547 102 26 position
3756 1547 26 23 et
3797 1546 61 23 dans
3871 1546 58 23 l'obs-

3403 1573 73 22 curité
3489 1573 106 26 pendant
3607 1572 26 22 25
3646 1573 85 22 heures
3745 1577 7 18 :
3767 1573 29 21 ils
3807 1574 54 19 sont
3875 1577 54 16 cour-

3404 1599 92 21 baturés
3511 1598 27 22 et
3554 1598 113 22 assoiffés,

3429 1624 61 21 Mais
3505 1624 79 22 Zauns
3600 1629 15 18 a
3631 1623 103 23 aussitôt;
3743 1624 49 25 pris
3808 1623 134 22 conscience

3405 1650 27 21 de
3444 1654 44 17 son
3500 1649 47 23 rôle
3561 1649 29 23 de
3600 1649 138 22 surveillant
3753 1653 7 17 :
3773 1649 19 22 U
3803 1648 89 23 voulait
3903 1653 27 17 re-

3404 1674 125 23 descendre
3551 1679 59 19 pour
3632 1674 108 26 coopérer
3759 1674 15 21 il
3796 1675 94 21 l'oeuvre
3913 1673 30 23 de

3404 1701 130 23 sauvetage,
3547 1698 153 27 finalement,
3715 1699 19 23 11
3748 1699 56 23 s'est
3817 1698 70 24 laissé
3898 1703 33 18 en-

3406 1725 88 22 traîner
3508 1725 99 22 entouré
3622 1725 40 22 des
3676 1725 70 25 siens,
3760 1730 53 16 vers
3827 1729 35 18 un
3874 1729 70 22 repos

3405 1750 53 23 bien
3478 1750 92 25 mérité;
3589 1752 26 22 et
3635 1749 16 23 fc
3670 1750 151 25 l'Infirmerie,
3842 1753 57 19 avec
3918 1750 26 22 la

3405 1776 102 23 candeur
3526 1776 41 21 des
3586 1776 76 25 héros,
3680 1776 18 22 il
3717 1781 16 17 a
3749 1775 115 25 demande
3885 1776 13 20 à
3919 1777 24 20 la

3405 1806 62 16 secur
3487 1801 24 22 la
3526 1801 138 25 permission
3681 1801 29 22 de
3730 1802 78 21 fumer
3826 1806 27 17 sa
3871 1802 54 25 pipe
3934 1802 8 20 !

3429 1827 23 22 A
3472 1826 26 22 33
3520 1827 90 24 heures,
3630 1831 33 18 on
3684 1831 106 19 annonce
3812 1831 44 21 que
3878 1826 66 22 Dabe

3405 1856 51 20 sera
3465 1851 91 23 bientôt
3567 1852 112 22 remonte.
3691 1852 43 21 Les
3746 1853 135 21 sauveteurs
3888 1853 56 21 sont

3406 1877 52 26 près
3471 1878 28 22 de
3513 1877 42 25 lul;
3571 1878 60 22 mais
3643 1877 17 22 il
3673 1883 16 17 a
3700 1877 34 23 les
3747 1878 91 25 jambes
3851 1878 93 24 broyées

3406 1907 43 21 par
3460 1902 169 24 l'éboulement,
3645 1903 25 22 et
3684 1903 19 23 «U
3719 1902 53 23 faut
3787 1903 100 26 prendre
3903 1903 41 22 des

3407 1928 146 27 précautions
3567 1929 94 21 infinies
3674 1933 59 22 pour
3741 1929 24 22 le
3776 1928 107 26 dégager.
3895 1929 24 22 Il
3929 1933 16 21 y

3406 1959 15 17 a
3441 1954 58 20 1.500
3519 1953 87 23 mètres
3626 1953 17 22 &
3665 1950 60 26 faire
3747 1954 62 22 dans
3828 1955 25 22 la
3871 1954 73 26 mine,

3407 1979 72 22 avant
3499 1979 111 22 d'arriver
3628 1978 16 23 fc
3663 1979 25 23 la
3709 1985 61 19 cage,
3790 1980 25 22 et
3835 1984 56 18 avec
3911 1985 33 18 un

3407 2005 114 21 brancard
3531 2004 51 22 celft
3594 2008 32 19 ne
3637 2009 30 18 va
3680 2008 44 22 pas
3733 2001 53 27 tatA
3797 2008 55 19 seul.

3430 2030 41 22 On
3490 2030 102 25 n'espère
3609 2033 46 23 pas
3672 2030 119 23 remonter
3808 2030 95 23 Nicolas
3918 2031 26 21 et

3407 2055 114 25 Devignée
3540 2055 73 22 avant
3633 2056 52 25 sept
3706 2055 84 23 heures
3809 2055 33 24 du
3862 2057 81 21 matin.

3405 2082 44 22 Lees
3466 2081 60 21 deux
3545 2081 117 24 emmurés
3683 2086 25 17 se
3728 2081 123 26 plaignent
3871 2083 28 20 de
3917 2082 28 21 la

3406 2106 55 25 soif;
3470 2107 27 22 et
3507 2110 89 18 oomme
3606 2106 34 22 les
3651 2106 185 24 accumulateurs
3844 2108 29 21 de
3883 2107 63 23 leurs

3407 2131 88 27 lampes
3515 2136 32 17 ne
3568 2131 167 23 fonctionnent
3755 2137 45 21 que
3820 2132 73 23 douze
3913 2138 32 17 ou

3406 2158 109 24 quatorze
3537 2156 92 27 heures,
3651 2157 30 23 ila
3702 2158 56 22 sont
3777 2158 169 22 certainement

3406 2187 56 17 sans
3481 2182 96 23 lumière
3599 2182 81 27 depuis
3699 2187 33 18 un
3754 2184 88 21 œrtain
3863 2184 82 28 temps.

3418 2269 21 18 «
3457 2261 50 30 DIS
3525 2261 138 31 BONJOUR
3679 2263 20 28 A
3714 2262 64 30 TON
3793 2262 82 30 PAPA
3886 2261 9 31 !
3912 2265 22 19 »

2324 3872 170 22 L'Association
2507 3872 42 21 des
2562 3871 114 22 écrivains
2689 3872 78 25 belges
2780 3877 16 16 a
2809 3872 73 21 offert
2895 3877 35 16 un
2944 3872 111 24 déjeuner
3069 3879 30 16 en
3112 3874 123 21 l'honneur
3249 3875 28 20 de
3291 3875 52 20 M""

2323 3897 142 26 Marguerite
2478 3897 53 21 Van
2543 3898 30 21 de
2586 3898 77 23 Wielc,
2676 3897 68 25 qu'on
2756 3897 50 21 voit
2818 3897 16 22 fc
2848 3897 97 25 gauche.
2979 3899 22 20 A
3023 3896 52 24 côté
3112 3899 65 22 d'elle
3202 3904 8 17 :
3235 3901 32 20 M.
3289 3898 81 24 Albert

2738 3922 109 21 Stassart.
2865 3933 28 6 —
2911 3923 26 22 O.

2393 4012 38 29 LA
2453 4011 121 31 REMISE
2599 4011 41 31 DU
2666 4011 72 30 PRIX

2330 4064 202 31 MARGUERITE
2554 4063 62 30 VAN
2641 4062 40 30 DE
2704 4063 100 30 WIELE

2324 4134 94 23 Samedi
2433 4133 138 26 après-midi
2585 4133 15 21 â
2611 4137 31 17 eu
2655 4133 55 24 lieu,
2725 4132 16 22 fc
2755 4132 79 27 l'hôÇel

2298 4160 28 22 de
2342 4159 54 21 ville
2413 4159 27 22 de
2456 4158 126 24 Bruxelles,
2595 4159 24 21 la
2635 4158 83 22 remise
2735 4158 33 22 du
2783 4158 52 26 prix

2298 4184 119 26 perpétuel
2437 4184 141 24 Marguerite
2598 4183 53 22 Van
2672 4184 28 20 de
2721 4183 78 25 Wlele,
2820 4183 15 21 fc

2297 4210 52 22 M""
2371 4210 90 22 Jeanne
2483 4209 104 26 Mayeur,
2609 4211 84 22 auteur
2714 4209 28 24 da
2764 4216 10 11 ee
2797 4208 37 23 Si-

2297 4236 66 23 rleux
2382 4243 18 16 »,
2418 4234 106 23 lauréate
2547 4234 32 23 du
2601 4234 101 28 premier
2724 4238 110 19 concours

2298 4260 102 23 triennal
2415 4261 29 21 de
2456 4259 137 22 littérature.

2324 4286 67 21 Oette
2408 4285 127 21 cérémonie
2552 4284 59 23 était
2625 4284 104 26 présidée
2745 4289 44 22 par
2802 4285 33 21 M.

2297 4311 102 24 Auguste
2421 4310 96 26 Vierset,
2538 4309 119 26 président
2676 4311 34 22 du
2729 4310 54 24 Jury
2803 4310 32 22 du

2298 4339 117 20 concours,
2436 4336 73 24 ayant
2527 4334 16 23 fc
2558 4340 38 17 ses
2612 4334 63 23 côtés
2695 4335 54 21 M""
2769 4336 54 20 Mar-

2298 4361 89 24 guerite
2400 4361 54 21 Van
2468 4360 29 23 de
2511 4360 79 25 Wlele,
2602 4361 58 21 MM.
2676 4361 73 23 Oscar
2763 4361 72 21 Gros-

2297 4381 62 30 Jean,
2377 4385 163 26 représentant
2557 4387 22 22 le
2597 4386 105 23 ministre
2720 4386 29 23 de
2768 4387 54 19 l'Ins-

2298 4412 102 21 truction
2419 4410 118 27 publique;
2559 4411 92 22 Hubert
2670 4411 108 26 Stlernét,
2799 4411 24 22 di-

2297 4437 92 22 recteur
2408 4437 29 22 de
2457 4436 138 23 l'Académie
2612 4436 64 25 belge
2694 4437 28 23 de
2741 4437 94 25 Langue

2296 4462 26 22 et
2335 4463 27 23 de
2373 4461 141 24 Littérature
2528 4462 136 23 françaises;
2680 4462 85 21 Robert
2779 4463 55 20 Cat-

2298 4490 61 20 teau,
2376 4486 117 24 sénateur,
2512 4486 104 25 échevin,
2633 4487 163 25 représentant
2813 4487 22 21 le

2298 4512 156 24 bourgmestre
2469 4512 29 23 de
2511 4512 129 25 Bruxelles;
2656 4513 103 25 Georges
2772 4513 63 21 Ben-

2297 4542 35 21 cy,
2344 4537 123 22 secrétaire
2480 4537 94 25 général
2586 4537 28 23 de
2626 4539 159 21 l'Association
2795 4537 41 23 des

2297 4562 120 22 Ecrivains
2430 4562 88 25 Belges,
2534 4563 25 21 et
2575 4563 22 22 le
2614 4562 67 27 poète
2695 4563 75 23 Frans
2785 4563 49 22 An-

2298 4588 40 25 sel,
2354 4587 102 23 membre
2474 4588 29 23 de
2520 4587 146 24 l'Académie.

2324 4613 30 20 M.
2374 4613 90 22 Vierset
2481 4613 97 26 rappela
2598 4614 50 25 qu'a
2666 4613 122 23 l'occasion
2803 4613 32 22 du

2298 4638 170 26 cinquantième
2491 4638 157 24 anniversaire
2670 4639 113 23 littéraire
2806 4638 29 23 de

2296 4663 56 22 M'"
2370 4663 141 26 Marguerite
2528 4663 53 23 Van
2595 4664 29 24 de
2640 4664 72 23 Wlele
2728 4663 39 24 fut
2784 4663 51 23 créé

2297 4693 34 17 un
2345 4688 52 26 prix
2413 4689 97 26 portant
2528 4693 43 18 son
2587 4693 64 22 som,
2667 4689 47 25 qui,
2731 4689 54 22 tous
2800 4688 34 23 les

2297 4713 58 23 trois
2371 4718 50 20 ans,
2441 4718 143 17 couronnera
2604 4718 46 20 une
2670 4718 79 19 csuvre
2769 4713 65 25 belge

2297 4739 68 24 d'une
2379 4739 86 22 femme
2479 4739 109 22 écrivain.

2322 4764 142 25 Vingt-trois
2477 4769 91 17 œuvres
2582 4764 93 22 avalent
2688 4764 37 22 été
2738 4763 83 27 présen-

2295 4789 51 22 tées
2357 4794 32 18 au
2400 4789 60 27 jury,
2471 4790 27 22 et
2508 4789 110 22 l'orateur
2627 4794 25 18 se
2665 4789 60 28 plaît
2737 4793 16 17 a
2765 4794 56 17 cons-

2294 4815 63 22 tater
2372 4815 35 22 les
2422 4815 93 25 progrès
2530 4815 125 22 littéraires
2673 4815 109 21 féminins
2800 4819 31 17 en

2295 4839 115 27 Belgique.
2433 4848 10 10 «
2464 4839 92 22 Sirieux
2577 4848 19 17 »,
2615 4840 96 22 l'œuvre
2732 4840 28 22 de
2780 4840 51 21 M—

2295 4865 90 23 Jeanne
2396 4866 103 24 Mayeur,
2507 4866 39 24 qui
2557 4865 102 26 em«port«
2669 4865 24 23 la
2702 4864 84 26 palme,
2795 4865 37 21 est

2294 4890 76 31 pleine
2382 4891 29 22 de
2424 4890 121 23 fraîcheur
2557 4892 25 21 et
2595 4890 28 23 de
2638 4890 126 22 sensibilité
2777 4890 54 23 bien

2294 4915 119 25 féminine.

2319 4940 32 21 Le
2381 4940 119 26 président
2526 4940 103 23 termina
2654 4945 32 18 en
2713 4940 118 22 félicitant

2292 4965 53 22 M"*
2364 4966 91 22 Jeanne
2474 4966 104 24 Mayeur,
2596 4966 39 24 qui
2653 4966 67 23 reçut
2737 4965 22 22 le
2778 4965 52 26 prix

2293 4991 41 22 des
2353 4991 77 22 mains
2449 4991 29 23 de
2494 4990 55 22 M"'
2569 4990 140 26 Marguerite
2729 4990 53 21 Van
2800 4991 29 22 de

2292 5016 79 24 Wlele,
2385 5020 30 18 au
2428 5016 79 23 milieu
2520 5016 40 22 des
2574 5015 229 27 applaudissements.

2318 5042 35 21 La
2374 5040 129 23 cérémonie
2523 5046 25 17 se
2569 5040 127 27 poursuivit
2724 5045 45 21 par
2796 5045 33 19 un

2293 5067 93 21 concert
2400 5071 30 18 au
2444 5070 67 18 cours
2524 5065 84 26 duquel
2620 5066 53 21 M""
2686 5065 62 24 Ailes
2762 5066 68 22 Plato

2291 5091 26 23 et
2339 5092 31 20 M.
2394 5091 79 22 Julien
2496 5091 102 25 Pl«geolet
2616 5089 149 24 exécutèrent
2788 5092 41 22 das

2292 5120 91 17 œuvres
2398 5117 28 21 de
2442 5116 127 21 Godefrold
2582 5116 119 23 Devreese,
2714 5116 115 24 directeur

2293 5141 31 22 du
2336 5141 175 24 Ooneservatolre
2524 5141 29 22 de
2566 5141 106 23 Malines,
2683 5149 29 9 —
2723 5141 28 23 T.

2902 4012 43 31 LE
2966 4014 62 32 FEU
3050 4017 20 30 A
3098 4018 124 31 L'USINE
3244 4021 20 29 A
3287 4021 60 31 GAZ

2933 4065 40 29 DE
2987 4066 328 38 JETTE-SAINT-PIERRE

2881 4134 100 27 Samedi,
3003 4142 53 18 vers
3077 4139 13 20 3
3113 4139 91 26 heures,
3226 4141 42 25 des
3290 4144 101 23 ouvriers

2854 4160 95 22 avaient
2964 4162 99 24 procédé
3077 4164 16 22 fc
3108 4165 42 23 des
3165 4166 98 26 travaux
3278 4169 28 23 de
3322 4169 57 26 répa-

2854 4185 90 22 rations
2957 4186 15 23 fc
2987 4187 49 23 l'un
3053 4189 40 22 des
3110 4191 141 24 gazomètres
3267 4193 28 23 da
3308 4191 83 27 l'usine

2854 4209 15 22 fc
2883 4215 43 19 gaz
2937 4212 28 22 de
2979 4212 241 27 Jette-Saint-Pierre.
3308 4204 83 15 ^^^

2879 4236 39 22 Du
2940 4241 43 21 gaz
3004 4238 152 29 s'échappant
3176 4247 45 20 par
3241 4243 58 24 trota
3320 4246 70 21 fuites

2855 4263 64 19 avait
2932 4263 48 25 pris
2993 4263 47 26 feu,
3053 4265 25 22 et
3091 4270 47 19 une
3149 4267 170 25 conflagration
3333 4271 58 21 était

2855 4286 15 21 fc
2883 4287 115 23 redouter.

2880 4312 44 22 Les
2936 4314 117 25 pompier»
3065 4316 29 23 de
3105 4317 27 23 la
3143 4317 23 22 t'
3179 4318 98 23 division
3288 4320 29 22 de
3329 4321 58 25 Bn».

2854 4338 77 23 xelles,
2943 4339 90 24 alertés,
3043 4342 55 22 sont
3109 4347 111 20 accourus
3229 4349 41 17 sur
3280 4346 35 21 les
3323 4347 62 22 lieux

2854 4362 51 23 Une
2921 4364 68 22 lant»
3007 4365 38 22 fut
3061 4366 58 23 mise
3136 4372 31 17 en
3181 4369 79 24 action
3275 4371 31 25 et,
3323 4372 68 24 après

2855 4387 57 22 trois
2924 4390 81 24 quarts
3017 4391 94 24 d'heure
3122 4393 28 23 de
3164 4394 89 26 travail,
3267 4395 53 24 tout
3331 4397 48 23 dan

2855 4415 40 22 ger
2906 4414 64 23 avait
2980 4415 102 25 disparu.

2854 4438 69 42 ^JL«s
2934 4439 82 26 dégâts
3024 4446 31 19 om
3066 4443 55 22 sont
3131 4448 44 22 pas
3185 4444 49 23 très
3244 4445 144 28 importante

2892 4528 132 42 BOURS
3025 4532 22 39 E
3069 4532 52 41 DE
3143 4533 88 42 NEW
3245 4536 110 45 YORK

2935 4601 92 24 Extrait
3043 4604 28 21 de
3086 4603 25 25 la
3127 4604 50 23 côte
3194 4606 110 24 officielle

2896 4633 160 24 communiqué
3072 4639 45 22 pu
3134 4636 105 26 l'Agence
3258 4640 87 23 Beoter

2294 5214 42 30 UN
2360 5212 125 30 ENFANT
2499 5205 64 36 TUÉ
2583 5211 59 31 PAR
2663 5212 64 31 UNE
2744 5213 82 32 AUTO

2318 5281 126 26 Oharleroi,
2459 5280 26 22 19
2500 5280 97 26 Janvier.
2611 5291 29 7 —
2653 5281 31 24 Lo
2699 5283 61 27 petit
2774 5285 38 22 An-

2292 5307 41 22 dré
2346 5306 93 23 Paulus,
2451 5304 43 27 âgé
2508 5305 29 23 de
2553 5305 24 22 13
2591 5309 51 23 ans,
2656 5306 41 23 fils
2711 5308 28 23 de
2754 5309 32 23 M.
2799 5311 25 22 L.

2292 5332 90 23 Paulus,
2399 5330 71 26 agent
2486 5330 29 23 de
2532 5330 97 24 change,
2644 5335 42 19 rue
2705 5333 39 22 des
2761 5335 50 22 Bou-

2293 5358 71 20 chers.
2388 5355 19 24 1,
2428 5355 16 23 fc
2465 5354 105 25 Nivelles,
2592 5356 83 22 sortait
2698 5357 29 23 de
2746 5358 78 25 l'école

2291 5380 79 26 quand
2381 5379 18 23 11
2411 5378 38 24 fut
2461 5378 77 26 happé
2551 5383 43 22 par
2606 5380 72 23 l'auto
2690 5382 29 23 de
2731 5383 33 23 M.
2775 5385 48 22 Ta-

2292 5408 115 21 mignaux,
2423 5402 173 26 entrepreneur,
2613 5404 139 26 demeurant
2767 5410 44 23 éga-

2290 5430 88 22 lement
2389 5428 15 21 fc
2415 5427 106 25 Nivelles,
2533 5432 41 19 rue
2585 5429 106 25 Grlslein,

3107 4712 113 22 Wew.ïoA.
3242 4716 21 17 19
3283 4717 81 22 janvier,

2852 4734 80 32 ^"',°,
2931 4739 10 12 r
2935 4739 31 27 .'',
2973 4744 28 22 ,r
3016 4737 64 29 .*""?
3100 4739 104 22 Cfcemleal,
3226 4742 40 24 IM;
3286 4744 102 20 Amenean

2852 4755 48 20 Oan,
2914 4756 32 16 11»
2959 4756 40 20 l/«;
3012 4757 102 18 American
3127 4760 100 23 B>diator,
3243 4755 23 26 U
3276 4759 45 24 1/jT
3334 4766 54 17 «m,.

2853 4775 53 18 rican
2921 4776 93 20 Smelting
3030 4778 39 17 snd
3082 4778 97 23 Rellnlng,
3195 4774 76 29 St'l/j;
3285 4773 103 31 âmeiKki

2852 4794 107 34 Z''*Trïï'
2972 4796 51 32 ,?*,
3028 4798 117 30 J^fraph,
3166 4793 38 26 lis-
3222 4796 103 25 AmerlVTn
3343 4806 45 18 Wa-

2855 4834 19 8 ,.
2873 4817 9 14 r
2883 4818 27 24 ï?
2912 4815 37 19 ""•
2972 4816 21 18 "
3013 4817 40 21 '"i
3075 4814 106 24 inaoonda
3201 4822 76 20 Çopper
3305 4824 18 12 ii
3346 4814 41 28 ?/*.

2851 4834 106 17 Atehlnson
2974 4835 77 21 Topeka
3068 4837 13 17 i
3097 4839 62 18 Santa
3175 4841 32 20 rt,
3225 4846 2 12 :
3226 4838 28 21 si-
3276 4836 6 9 '
3356 4829 30 17 "'

2872 4854 106 20 Baltimore
2993 4857 40 18 and
3048 4857 55 21 Ohio,
3121 4859 29 19 13:
3166 4861 99 17 Bethléem
3281 4864 52 14 st»„!
3356 4865 30 13 **•

2851 4874 97 17 Brésilien
2962 4876 91 19 Traction
3067 4878 57 21 Llght
3139 4881 39 18 and
3192 4867 74 33 Pow™
3279 4884 28 17 10-
3322 4877 64 24 ejana'

2850 4993 20 16 10
2884 4994 33 17 S/8
2940 4995 65 19 Hrdro
3019 4997 15 17 E
3041 4998 59 19 ectrto
3115 5000 103 19 Securitlei
3239 5004 35 15 11
3288 5005 18 14 I-
3321 4992 58 27 S

2870 5053 109 20 Kennecott
2995 5056 80 23 Copper,
3093 5058 21 19 K
3129 5060 41 21 J/<!
3186 5061 58 19 Mack
3259 5063 74 18 Trucxs
3355 5066 28 15 28-

2849 5093 18 16 U
2866 5077 9 12 '
2899 5075 60 35 Ko*.'fo
2953 5076 14 16 C
2960 5075 23 35 ii'
2984 5079 12 18 y
3010 5077 15 16 E
3027 5081 11 29 3
3040 5078 25 17 n,t
3059 5070 51 40 ,>.
3124 5065 38 35 '/»;
3177 5065 107 37 »«"ork
3299 5077 85 27 centrai:

2847 5104 129 24 Pi'alffism
2993 5101 32 27 ,",!
3027 5097 12 18 d
3050 5118 15 5 _
3059 5099 23 16 w
3083 5100 70 20 «"«™.
3174 5102 32 19 »W
3227 5102 40 22 î/»i
3287 5104 97 19 Northern

2847 5115 79 27 racine,
2945 5116 31 16 172
2993 5116 40 21 7/8;
3050 5118 120 20 Paramount
3186 5122 73 20 Publix,
3276 5124 11 15 s
3304 5125 40 17 s/a-

2869 5133 129 22 Pensrlvania
3014 5137 98 21 Kailroad,
3129 5140 22 18 »
3168 5141 40 21 s/8;
3226 5135 66 27 Putlie
3308 5144 76 19 Service

2847 5153 21 30 ='
2884 5154 27 18 Ne
2912 5155 39 28 »-,''
2952 5159 29 13 l!rl
2983 5160 27 15 "-
3028 5158 29 20 lt;
3076 5159 87 20 Pullman
3181 5162 99 21 Company
3304 5164 20 18 41
3323 5149 9 14 '
3343 5149 41 34 vs"

2847 5193 11 17 «
2862 5177 12 14 "
2878 5175 55 35 1/4?'
2938 5176 88 34 nLrldi
3040 5178 238 32 W**f>«
3289 5166 94 39 Americî:

2847 5193 22 38 !»
2883 5206 41 28 4/i;
2938 5195 75 20 BM,Ua
3014 5199 18 19 *'
3052 5198 30 22 "i
3103 5196 62 24 «wal
3183 5201 66 21 Catch
3267 5196 116 29 Petroleum!

2868 5233 97 20 Southern
2982 5236 94 23 Ballway.
3096 5239 29 21 M;
3144 5240 63 20 Te»ai
3225 5242 48 19 Ou»
3291 5243 86 19 Sulnhur

2846 5253 22 18 34
2884 5254 40 20 1/4:
2940 5255 64 19 Union
3019 5257 32 18 Oil
3066 5258 21 18 ol
3102 5259 113 23 Californie,
3232 5262 22 18 H
3269 5248 69 34 1/4™
3362 5265 14 17 8

2847 5273 82 22 Rubber,
2946 5276 21 18 16
2984 5276 38 21 1/3;
3040 5277 64 20 Union
3120 5280 73 19 Paciite
3211 5274 37 27 '104
3265 5282 40 21 s/4;
3322 5283 23 19 V.
3362 5284 20 19 B

2845 5292 53 20 mt,,\
2910 5294 133 25 Corporation,
3059 5299 21 17 38
3094 5299 40 21 1/j;
3148 5300 115 21 WoolwortS
3277 5296 105 28 Company!

2867 5333 103 21 Tensdandi
2989 5337 98 19 soutenue.
3105 5347 24 8 _
3146 5341 138 19 Transactions
3303 5342 78 20 MO.OOO.

3102 5365 112 23 Ifew.Tork,
3235 5368 22 19 j(
3276 5368 83 21 janvier.

2847 5386 151 31 iJSa.V'*'.'7
3009 5389 86 28 Ci**":
3104 5399 23 7 ~-
3139 5391 92 20 Perplers
3243 5396 56 15 cours
3311 5394 48 18 faits
3374 5398 6 15 :

2845 5405 85 19 Londres
2948 5407 64 21 cibles
3031 5409 110 27 transfert»,
3164 5412 30 17 <88
3214 5412 39 20 J/4:
3273 5413 55 19 Paris
3346 5414 34 18 et.

2845 5426 43 29 îiî;,
2903 5426 21 18 M
2924 5427 47 28 î-A
2965 5428 30 20 /îi
3000 5448 16 7 _
3016 5429 16 16 B
3033 5432 22 23 1ï
3055 5430 59 18 I,UM
3134 5434 11 14 c
3145 5430 13 19 *
3157 5431 7 18 1
3163 5435 6 14 '
3170 5431 18 18 ll!
3189 5443 5 8 .
3214 5432 51 21 •"«;
3286 5432 95 21 Holland»

2845 5448 60 19 CScDie,
2927 5448 51 19 0747,'

3438 4852 182 60 Résultais
3651 4857 267 67 remarquables

3431 4936 36 19 pu
3484 4934 29 19 Ms
3529 4934 83 18 célèbres
3631 4936 86 19 rem«dei
3734 4937 91 20 DdOéD»,
3843 4937 12 19 à
3875 4939 45 18 base

3556 4955 102 18 d'extraite
3672 4956 24 18 de
3711 4956 83 22 plantas.

3458 4989 63 34 SUR
3529 4989 124 35 TOUTES
3665 4991 55 33 LES
3730 4992 164 35 MALADIES

3438 5034 185 36 D'ESTOMAC
3649 5036 41 34 ET
3717 5037 196 35 D'INTESTINS

3408 5072 97 17 mauvaise
3523 5072 101 21 dlgestlea,
3644 5075 53 18 perle
3716 5075 100 20 d'appétit,
3835 5076 106 21 drspepsle.

3407 5092 105 19 lonrdeur».
3527 5096 94 18 «rampas,
3637 5094 70 21 langue
3722 5096 88 20 ofcargde,
3826 5101 63 14 miir.
3905 5098 36 18 ha.

3407 5111 56 21 laine,
3481 5113 182 19 constipation.
3681 5115 97 20 ctlarrhM.
3796 5118 89 19 entérite,
3903 5120 38 17 etc.

3600 5149 147 42 ANEMIE

3542 5198 126 21 rAIBLeteSI
3682 5207 11 8 •
3708 5200 94 21 PAMOB
3939 5205 4 16 I

3500 5228 341 44 NÉVRALGIES-GOUTTE

3404 5280 230 33 RHUMATISME-
3639 5275 305 45 ARTÉRIOSCLÉROSE

3602 5326 141 36 CALCULS

3401 5370 368 45 BR0NCHITEST0UX
3778 5376 164 43 ASTHME

3403 5415 46 16 Dem
3466 5414 25 19 da
3501 5415 50 17 suite
3562 5415 20 18 la
3593 5417 64 16 clrcul.
3669 5417 25 19 O.
3704 5418 22 18 91
3736 5420 51 20 (rat.
3799 5423 46 14 avee
3857 5425 81 16 prouvée

2313 5444 229 33 ÏTÎmmm-âSBi
2547 5444 70 33 r«5î
2624 5444 93 36 -STS-t
2725 5456 23 24 la
2758 5463 67 23 eoup.
2842 5444 153 44 $'V«ï&
3000 5448 16 17 B
3013 5444 156 44 $r^^
3863 5441 74 61 $!$■

3509 2319 44 24 (De
3566 2320 68 22 notre
3648 2325 91 19 corresp
3742 2321 76 20 undan
3821 2326 25 15 ci

3433 2345 74 24 Paeris,
3524 2345 25 21 19
3565 2345 98 26 janvier.
3680 2356 29 5 —
3728 2346 57 22 (Par
3798 2345 145 26 téléphone).

3430 2381 5 4 -
3447 2370 40 21 Un
3499 2370 106 22 incident
3618 2371 55 21 s'est
3685 2371 95 25 eproduit
3795 2372 148 24 aujourd'hui

3409 2395 15 22 fc
3442 2395 80 21 l'hôtel
3539 2395 32 22 de
3587 2395 55 23 ville
3659 2396 31 22 de
3707 2397 187 25 Saint-Nazaire.
3913 2396 32 22 où

3409 2421 107 23 l'adjoint
3531 2425 31 17 au
3575 2421 74 21 maire
3662 2420 120 26 procédait
3795 2427 31 15 au
3840 2422 103 25 marta«ge

3408 2445 58 23 d'un
3479 2447 69 22 Jeune
3562 2446 89 26 couple.

3434 2471 53 21 Une
3509 2471 88 22 femme
3620 2472 139 25 s'approcha
3780 2471 101 23 soudain
3902 2472 43 23 (ies

3410 2496 78 22 futurs
3502 2495 76 26 époux
3591 2497 26 22 et
3630 2497 51 22 cria
3698 2502 8 16 :

3438 2529 10 11 «
3462 2521 44 22 Dis
3517 2523 100 23 bonjour
3629 2522 16 22 fc
3656 2522 46 22 ton
3712 2523 73 25 papal
3801 2530 21 11 ».

3435 2547 38 25 Et,
3491 2551 33 17 en
3541 2547 80 21 disant
3640 2552 41 17 ctx
3701 2548 67 24 mots,
3786 2547 46 23 ealle
3850 2548 96 21 souleva

3411 2573 98 20 l'enfant
3520 2572 83 26 qu'elle
3615 2572 76 22 tenait
3702 2573 62 22 dans
3771 2577 40 18 ses
3821 2573 55 23 bras
3886 2574 25 21 et
3922 2573 24 23 la

3410 2597 77 22 tendit
3499 2602 52 17 vers
3563 2598 24 21 le
3597 2598 75 21 futur.

3436 2623 22 22 Il
3474 2627 16 20 y
3505 2627 42 18 eut
3563 2627 35 18 un
3614 2623 106 22 moment
3735 2624 30 22 de
3782 2624 101 27 surprise
3901 2628 44 22 que

3409 2648 135 22 l'arrivante
3562 2648 47 22 mit
3626 2648 18 23 fc
3662 2649 75 25 profit
3757 2654 57 19 «pour
3835 2649 70 26 gifler
3923 2649 24 23 ta

3410 2675 70 23 jeune
3495 2674 102 22 homme.
3784 2690 10 10 ,
3890 2690 11 9 „
3902 2688 20 17 T

3437 2699 162 24 Stupéfaction
3612 2699 107 26 générale
3731 2704 32 18 au
3774 2699 81 23 «milieu
3868 2700 29 22 de
3908 2699 25 23 la-

3410 2724 76 25 quelle
3496 2724 109 25 l'adjoint
3617 2729 31 18 ne
3659 2729 89 21 songea
3758 2729 46 21 pas
3815 2725 15 22 fc
3844 2730 89 20 «pronon-

3412 2755 38 15 cer
3463 2754 45 18 son
3518 2749 106 23 discours
3635 2750 27 22 et
3673 2750 24 22 le
3709 2751 103 25 mariage
3826 2751 64 23 n'eut
3903 2755 44 22 pas

3411 2775 71 22 Ueu...
3853 2794 4 5 .

3441 2824 55 33 LES
3513 2824 67 33 TRA
3578 2824 125 34 MWAYS
3722 2825 44 33 BR
3765 2825 152 33 UXELLOIS

3546 2888 113 17 SERVICES
3677 2888 139 18 RENFORCÉS

3487 2914 33 16 DU
3537 2914 126 17 DIMANCHE
3678 2915 23 16 2»
3715 2914 102 17 JANTIER
3830 2914 47 18 IflW

3436 2940 16 17 1.
3464 2941 80 18 Cortège
3557 2940 50 17 dans
3620 2940 18 18 le
3651 2940 70 18 Centra
3734 2940 24 18 de
3770 2940 22 17 la
3805 2941 49 19 ville,
3868 2940 13 18 à
3895 2940 21 19 11
3927 2940 22 19 b.

3412 2970 23 5 —
3448 2960 28 18 La
3490 2960 121 18 circulation.'
3620 2961 34 19 du
3668 2961 103 19 tramways
3786 2964 44 13 sera
3845 2961 93 18 Interrom-

3413 2983 38 17 pue
3461 2982 37 18 par
3508 2980 57 18 ordre
3577 2980 24 18 de
3612 2980 20 17 la
3642 2980 68 21 police,
3721 2983 12 15 a
3744 2980 64 21 partie
3819 2981 25 20 d*
3857 2981 19 18 10
3888 2981 19 18 h.
3919 2981 29 20 V),

3413 3000 49 19 dans
3478 3000 27 17 les
3519 2999 75 18 artères
3610 3001 98 16 suivantes
3716 3003 7 14 :

3434 3020 109 18 Soulerard
3556 3019 87 21 Adolphe
3657 3021 52 19 Max,
3726 3020 54 20 place
3796 3021 23 17 de
3835 3021 114 20 Brouckère,

3413 3040 105 18 boulevard
3527 3040 90 20 Anspach
3628 3040 20 19 et
3657 3040 104 18 boulevard
3771 3041 87 19 Maurice
3868 3042 72 18 Lemon-

3414 3059 49 19 nier.

3435 3080 28 17 Kn
3480 3079 135 21 conséquence,
3631 3080 28 18 les
3675 3080 82 18 services
3772 3081 82 21 passant
3869 3081 81 21 parles

3414 3100 114 18 boulevards
3544 3100 95 17 centraux
3655 3101 66 17 seront
3739 3101 102 17 détournés
3860 3103 54 15 entra
3931 3101 20 18 le

3413 3120 49 17 Mldl
3479 3122 20 14 et
3517 3120 20 18 la
3554 3120 57 20 plao»
3627 3120 65 18 Liedta
3710 3124 37 17 par
3765 3121 18 16 le
3800 3120 105 20 boulevard
3923 3122 28 17 du

3413 3140 54 19 Mldl,
3482 3139 28 18 les
3524 3143 44 14 rues
3582 3140 141 20 d'Anderlecht,
3738 3141 42 17 Van
3794 3142 106 20 Artevelde,
3916 3143 33 17 des

3414 3160 138 21 Poissonniers,
3568 3161 23 16 de
3608 3160 20 18 la
3644 3161 134 19 Vierge-Noire
3792 3161 21 18 et
3828 3161 24 17 de
3866 3161 84 20 Laeken,

3415 3180 20 17 la
3450 3180 93 18 chaussée
3559 3181 91 16 d'Anvers
3667 3181 21 18 et
3703 3180 89 18 l'avenus
3807 3181 25 19 da
3848 3181 19 18 la
3883 3182 66 17 Reine.

3414 3200 35 17 Les
3459 3200 83 17 services
3552 3200 24 18 de
3587 3200 19 19 la
3618 3203 35 16 rue
3664 3200 24 19 de
3698 3200 20 18 la
3728 3201 35 19 Loi
3774 3201 72 18 auront
3856 3200 43 20 leur
3907 3202 32 18 ter-

3413 3220 65 18 minus
3491 3219 13 17 à
3518 3219 20 18 la
3552 3223 35 14 rue
3599 3220 34 18 des
3646 3220 96 22 Colonies;
3757 3220 28 19 les
3798 3221 83 19 services
3895 3221 21 19 93
3930 3222 20 17 et

3414 3239 27 20 67,
3455 3239 12 17 à
3480 3239 20 18 la
3511 3240 80 19 Banque
3603 3240 109 20 Nationale,
3725 3240 28 19 les
3764 3241 84 18 aerveles
3861 3241 22 19 68
3895 3241 20 18 et
3927 3241 23 18 W

3413 3259 13 18 k
3444 3259 28 19 la,
3479 3263 36 15 rue
3531 3260 27 18 du
3574 3260 33 17 Ma
3609 3260 154 18 rché-aux-Herb
3765 3265 19 13 es
3786 3260 117 22 -Potagères,
3921 3261 29 18 lts

3414 3279 82 19 services
3509 3280 34 17 4-6
3556 3283 26 15 au
3595 3280 80 19 Sablotu

3436 3299 36 18 Les
3488 3300 82 17 services
3586 3300 11 18 S
3613 3307 10 7 -
3639 3300 23 19 46
3677 3301 46 18 sont
3739 3301 102 18 détournés
3858 3302 55 17 entre
3930 3301 20 17 la

3415 3319 57 17 Porte
3490 3320 25 18 de
3532 3319 39 18 Hal
3588 3320 21 18 et
3625 3320 20 17 la
3663 3321 73 17 Bourse
3753 3323 46 17 par.
3809 3321 19 17 le
3846 3320 103 21 boulevard

3414 3340 26 18 du
3455 3340 54 20 Midi,
3525 3340 28 18 les
3568 3343 44 16 rues
3628 3340 140 21 d'Anderlecht,
3784 3341 43 18 Tan
3842 3341 107 21 Artevelde,

3413 3361 86 19 Auguste
3513 3360 47 18 Orts
3575 3361 20 16 et
3610 3360 43 17 Van
3668 3361 64 17 Praet.

3435 3380 36 18 Les
3484 3380 110 17 Itinéraires
3607 3383 94 15 normaux
3714 3381 67 19 seront
3792 3381 63 20 repris
3868 3381 34 19 dés
3907 3385 42 17 «que

3414 3400 145 17 l'autorisation
3573 3403 25 14 en
3612 3403 44 15 sera
3671 3400 81 18 donnée.

3435 3420 18 18 a.
3464 3419 61 18 Visite
3537 3420 34 17 des
3584 3420 100 18 ohantfers
3696 3421 24 17 de
3734 3421 130 19 l'Exposition.
3873 3429 27 12 .***,
3907 3417 43 25 Jur

3415 3439 19 17 la
3447 3439 51 21 ligne
3510 3439 71 17 reliant
3593 3439 19 18 la
3625 3440 53 20 place
3690 3441 158 19 Saint-Lambert
3863 3442 84 20 <Heyiel)

3415 3463 12 13 a.
3439 3459 20 18 la
3471 3462 45 18 gare
3528 3460 26 18 du
3565 3460 61 17 Stade
3637 3461 20 18 tt
3668 3460 24 19 de
3705 3461 129 19 l'Kxposition,
3848 3460 27 19 les
3889 3463 49 16 tram-

3415 3483 51 15 ways
3479 3480 21 18 16
3512 3479 20 19 fit
3545 3480 20 17 18
3577 3479 57 19 barré
3646 3480 81 21 portant
3737 3480 20 19 la
3769 3481 71 23 plaque
3851 3481 23 18 de
3885 3481 65 18 butoir

3417 3504 10 12 c
3443 3500 60 18 Stade
3519 3500 20 16 et
3555 3500 111 21 Exposition
3683 3505 17 12 i.
3717 3499 118 21 circuleront
3850 3502 24 17 de
3892 3502 21 18 13
3929 3502 21 18 h.

3415 3519 12 18 k
3445 3519 21 19 17
3483 3519 75 19 heures.
3762 3520 26 6 ""
3807 3519 5 7 ■
3821 3518 29 8 —
3850 3511 58 16 *-*
3907 3511 8 9 1
3920 3511 30 15 '"*

3436 3539 17 17 3.
3464 3539 89 18 Matches
3565 3540 23 17 de
3601 3540 81 17 football
3695 3540 24 18 de
3732 3540 86 19 Division
3832 3542 117 20 d'Honneur,

3415 3558 13 18 à
3442 3559 22 17 14
3476 3559 76 18 heures.
3566 3568 23 6 —
3602 3561 21 18 a)
3639 3560 64 18 Union
3717 3561 146 20 Salnt-QUlolie
3877 3569 11 8 •
3895 3576 4 6 ,
3901 3562 40 19 Ant-

3414 3581 58 18 werp,
3483 3582 27 15 au
3522 3579 74 18 terrain
3607 3579 24 18 de
3642 3580 77 18 l'Union
3731 3581 119 21 St*0111otsr,
3864 3585 25 14 au
3901 3582 49 18 Para

3414 3599 74 17 Duden.
3501 3606 24 7 —
3536 3599 37 18 Le*
3585 3603 41 15 eerv
3629 3599 39 19 lots
3681 3600 27 19 14.
3722 3600 21 19 61
3757 3601 19 17 et
3790 3601 21 17 80
3826 3601 65 19 seront
3905 3605 34 14 ren-

3415 3619 63 17 forcés
3491 3619 12 17 à
3517 3619 63 20 partir
3593 3621 24 16 de
3631 3620 21 17 12
3664 3620 21 18 h.
3699 3620 28 19 45.
3755 3618 31 7 "'
3790 3611 11 14 v
3832 3611 23 15 '"
3869 3611 23 15 nv
3893 3619 11 6 "

3580 3640 89 17 Lierache
3683 3644 25 13 au
3723 3641 73 17 terrain
3811 3642 24 16 du
3850 3642 74 17 Darlnr
3937 3641 13 18 k

3590 3659 27 19 Le
3634 3660 74 18 servioe
3726 3661 22 18 86
3766 3664 45 15 sert
3829 3661 88 19 renforcé
3937 3662 12 17 h

3436 3638 20 20 h)
3470 3639 75 21 Daring

3414 3658 117 18 Molenbeek.

3414 3678 64 20 partir
3491 3679 23 17 de
3529 3678 20 19 13
3563 3679 19 18 h.
3598 3680 21 17 46
3633 3680 24 18 de
3670 3679 19 18 la
3703 3680 73 19 Bourse
3789 3681 77 20 Jusqu'à
3881 3681 20 19 la
3915 3685 35 15 ruo

3414 3698 93 19 Relmond
3520 3699 61 19 stljns
3594 3702 37 18 par
3643 3700 33 18 des
3691 3700 103 19 tramways
3808 3700 90 22 Spéciaux
3911 3702 28 18 cir-

3414 3718 67 17 culant
3492 3721 45 16 sous
3548 3718 70 22 plaque
3630 3723 11 14 <
3651 3719 75 23 Daring
3737 3725 18 14 ».
3793 3722 153 20 (Communiqué)

3434 3759 200 52 LOTERIE
3658 3762 270 48 COLONIALE

3435 3824 26 19 Le
3480 3824 64 22 tirage
3563 3824 24 20 de
3606 3824 21 19 U
3646 3825 22 19 6*
3688 3825 82 19 tranohe
3790 3826 25 19 de
3834 3827 19 17 la
3873 3826 76 20 Loterie

3414 3844 98 19 Coloniale
3534 3845 30 18 est
3584 3843 40 19 fixé
3646 3849 26 14 au
3693 3845 73 19 samedi
3787 3846 23 18 36
3831 3847 82 21 Janvier,
3935 3847 14 18 à

3412 3864 104 21 Bruxelles,
3532 3868 25 15 au
3572 3865 70 21 Cirque
3656 3866 66 19 Royal,
3737 3866 12 18 k
3765 3867 20 17 20
3801 3867 19 18 h.
3836 3868 27 17 30.
3900 3867 21 18 r'

3433 3884 28 18 La
3476 3884 95 19 direotion
3585 3885 24 18 de
3624 3885 20 17 la
3658 3884 76 19 Loterie
3748 3886 99 19 Coloniale
3861 3887 41 19 fait
3916 3891 22 14 sa-

3412 3904 42 19 voir
3468 3908 24 15 en
3506 3905 56 18 outre
3576 3904 68 19 Qu'elle
3657 3909 26 16 ne
3697 3905 76 23 dlspon
3787 3906 45 23 plue
3845 3907 25 19 de
3884 3907 66 20 billet»

3412 3924 24 19 de
3451 3923 20 19 la
3486 3925 22 18 6e
3523 3922 88 21 tranche.

3433 3944 36 18 Les
3482 3944 65 18 billets
3562 3945 24 18 de
3600 3944 20 19 la
3634 3945 22 18 76
3671 3945 88 22 tranche,
3775 3948 47 16 dont
3837 3948 28 17 le»
3881 3949 56 17 moda-

3413 3964 43 17 lités
3471 3965 45 18 sont
3529 3964 109 23 Identique»
3651 3965 14 18 à
3678 3965 57 19 celles
3749 3967 25 18 de
3787 3966 20 19 1»
3822 3968 22 17 8e
3860 3968 87 20 tranche,

3412 3985 66 17 seront
3494 3984 38 20 mis
3549 3988 24 15 en
3590 3985 58 20 vent»
3663 3985 148 20 officiellement
3827 3987 18 18 le
3855 3988 29 18 'M
3902 3992 35 15 cou-

3412 4004 53 19 rant.
3859 4015 4 4 ■
3879 4009 69 19 (D4006

3592 4080 104 24 Qu'offrir
3708 4080 15 22 fc
3736 4086 42 19 nog
3794 4081 75 22 Invité»
3876 4080 10 25 t

3591 4114 53 24 Mali
3653 4121 29 17 un
3692 4115 62 22 Elixlr
3764 4116 27 22 de
3801 4116 41 27 Spt

3592 4149 60 22 Ce»
3665 4154 52 20 tout
3732 4151 97 27 Indiqué!
3863 4156 4 4 '
3878 4152 9 8 _
3886 4172 5 8 ,

3593 4192 143 44 LELIKIR
3760 4194 40 41 OE
3822 4193 64 47 SPA

3466 4245 47 43 est
3540 4250 56 38 une
3623 4245 120 50 Liqueur
3765 4246 121 50 Exquise

3440 4379 80 34 Notez
3542 4381 37 32 le»
3603 4388 118 26 numéros

3440 4425 33 34 de
3499 4427 132 39 téléphone
3657 4428 33 34 de
3710 4441 11 21 :

3441 4503 49 42 La
3511 4505 158 42 Dernière
3689 4507 111 42 Henre

3477 4553 29 20 M,
3520 4557 35 17 m,
3569 4554 25 19 da
3609 4556 113 18 Font-Neuf,
3737 4557 22 17 M

3443 4611 40 27 17
3496 4611 43 27 34
3554 4613 41 24 93

3441 4690 40 26 17
3495 4688 39 28 8i

3623 4614 170 23 Abonnement»

3623 4642 129 22 Annonce».

3623 4667 128 24 Annonces.

3621 4693 125 23 Economat.

3620 4718 73 25 Vente
3705 4728 29 16 au
3748 4724 98 21 numéro.

3620 4745 128 25 Rédaction.

3620 4771 117 26 Direction,

3817 4802 68 18 tr>ur>
