3543 4969
263 311 52 38 ’N
316 316 17 19 0
358 311 85 37 463.

3146 306 21 37 3

1639 340 52 31 LE
1727 340 141 31 RADIO

335 795 384 98 BUtltliN
789 791 622 98 HEBBOMABAiBt
1469 813 96 70 BU
1605 807 250 74 POSTE
1917 811 146 72 BES
2117 811 444 76 VEBETIES

338 938 300 56 ttÉDACTÎON
663 964 12 30 :
733 947 210 48 -45.Rue
967 949 88 42 des
1072 945 319 55 Crpisades,
1416 945 354 45 BRUXELLES
1791 982 12 15 ,
1833 946 299 63 Téléphone
2149 959 12 35 ;
2189 945 211 55 17.03.03
2418 942 118 51 *04#

281 1029 17 24 b
1054 1038 12 9 .
1212 1039 7 11 ,
1714 1029 77 20 mm
2211 1033 6 11 »

451 1123 258 98 IjCS
787 1123 846 98 Marchands

1901 1167 464 78 Sélection
2415 1171 136 74 de
2595 1171 88 74 la
2731 1167 444 78 Semaine

779 1263 852 96 d'illusions

2337 1731 116 24 diseuse.

2564 1805 619 57 Radio-Schaerbeek-Bruxelles

2356 1815 130 23 Edouard

2343 1887 26 22 la
2389 1886 97 23 Poésie

452 1258 68 24 PAR
549 1259 158 24 ARMAND

450 1300 72 33 VA
542 1301 27 32 R
595 1301 24 32 L
638 1301 70 33 EZ

2568 1327 157 24 SAMEDI
2757 1327 43 24 21
2833 1327 198 25 JANVIER:

2596 1370 25 22 A
2639 1369 30 22 14
2687 1369 101 23 heures
2800 1374 5 18 :
2827 1370 51 22 Les
2895 1371 149 23 aventures
3061 1371 35 23 de
3114 1371 46 24 Sla­

2629 1405 52 23 olie
2700 1410 51 23 par
2770 1405 104 24 Marcel
2894 1406 169 25 ANTOINE.

2596 1442 26 22 A
2644 1441 30 23 14
2695 1441 28 24 h.
2748 1441 29 24 15
2790 1445 7 20 :
2822 1441 120 24 Concert
2963 1447 53 22 par
3037 1442 26 23 le
3085 1441 93 29 Swing

2628 1477 108 23 Phonie
2764 1477 152 24 Orchestra
2942 1482 64 19 sous
3033 1477 28 24 la
3088 1477 74 25 direc­

2630 1513 60 24 tion
2710 1513 33 26 de
2763 1514 72 23 Jean
2856 1513 174 25 PREVOST.

2597 1550 24 22 A
2637 1550 30 23 15
2681 1549 28 24 h.
2724 1550 30 23 30
2769 1553 7 20 :
2795 1549 23 23 Y
2832 1555 18 18 a
2865 1549 68 24 d’la
2948 1549 85 28 joie...
3049 1554 51 23 par
3116 1549 62 23 tous

2629 1586 40 23 les
2693 1586 98 27 temps,
2815 1585 133 28 fantaisie
2972 1584 132 24 musicale
3127 1590 51 23 par

2632 1622 105 23 Marcel
2763 1621 168 23 ANTOINE.

2597 1659 24 23 A
2644 1658 30 23 16
2697 1658 100 23 heures
2810 1662 5 19 :
2841 1657 38 24 Le
2901 1657 82 29 quart
3006 1656 111 24 d’heure
3141 1656 36 24 du

2630 1695 66 22 Jazz
2720 1694 69 23 Club
2813 1693 34 24 de
2870 1692 140 29 Belgique.

327 1472 61 72 C
393 1469 22 22 E
433 1469 85 25 serait
535 1474 56 20 une
608 1475 95 18 erreur
719 1468 35 25 de

426 1502 151 28 auditeurs,
598 1501 65 28 qu’il

2535 2189 10 18 *
2597 2189 8 36 I
2639 2194 29 31 N
2698 2196 102 29 sourire
2831 2195 145 33 délicieux,
3008 2208 53 17 une
3091 2195 144 31 silhouette

2670 2236 53 28 très
2739 2234 140 34 moderne,
2898 2246 33 18 en
2947 2246 36 18 un
3000 2242 57 23 mot
3072 2247 54 18 une
3143 2246 16 18 «
3178 2234 45 31 Pa­

2671 2273 114 30 risienne
2808 2284 26 19 ».
2857 2273 89 31 Voilà
2967 2273 124 37 Arletty,
3114 2274 28 31 la
3164 2286 59 25 sym­

2520 2310 128 37 pathique
2680 2311 108 30 vedette
2821 2312 36 30 de
2889 2312 105 31 l’écran
3027 2313 121 36 français
3182 2325 54 25 que

2519 2349 445 33 Radio-Schaerbeek-Bruxelles
2986 2364 15 18 a
3022 2364 34 20 eu
3076 2352 29 30 la
3124 2353 55 36 joie
3200 2351 36 32 de

2519 2390 135 34 présenter
2673 2397 71 23 cette
2764 2391 118 29 semaine
2902 2392 17 29 à
2939 2403 41 18 ses
3000 2391 149 31 auditeurs.

2562 2437 95 35 Après
2683 2449 68 18 nous
2777 2449 76 18 avoir
2879 2440 104 28 retracé
3008 2450 41 19 ses
3074 2438 99 31 débuts
3200 2451 35 19 au

2523 2486 13 18 «
2557 2476 60 29 ciné
2637 2486 27 22 »,
2685 2475 113 37 Arletty
2817 2488 69 19 nous
2905 2489 16 18 a
2941 2484 139 24 “ntretenu
3099 2478 39 30 du
3158 2478 77 31 chef-

2522 2514 124 30 d’œuvre
2677 2514 58 33 de.i
2746 2515 110 37 Marcel
2889 2516 101 33 Carae,
3025 2527 16 21 «
3073 2516 89 31 Hôtel
3193 2518 40 31 du

2518 2554 86 29 Narij
2622 2564 30 20 »,
2669 2554 70 30 dans
2760 2554 88 32 leruiel
2867 2555 87 31 rile-a
2961 2582 3 4 .
2974 2556 51 31 (ait
3043 2568 53 19 une
3113 2558 121 26 création

2518 2590 207 30 sensationnelle
2746 2598 27 22 et
2794 2591 178 31 inoubliable.

2561 2628 444 33 Radio-Schaerbeek-Bruxelles
3042 2645 28 18 se
3109 2632 51 31 fait
3198 2634 35 31 ici

2517 2668 163 36 l’interprète
2708 2668 49 31 des
2784 2669 151 31 nombreux
2962 2672 67 29 amis
3057 2679 26 24 et
3111 2673 108 31 admira­

2517 2715 71 23 teurs
2605 2707 145 38 d’Arletty
2766 2721 70 24 pour
2852 2709 28 31 la
2897 2711 140 30 remercier
3054 2711 35 30 de
3107 2724 29 18 sa
3154 2712 80 32 visite

2518 2759 35 19 au
2572 2754 78 30 poste
2670 2747 48 31 des
2737 2748 131 32 vedettes.

1877 1326 222 24 DIMANCHE
2125 1328 44 23 15
2189 1328 197 23 JANVIER:

1905 1360 119 23 Concert
2044 1366 52 22 par
2116 1361 168 24 l’Orchestre
2305 1362 77 24 Théo
2401 1362 70 23 LAN­

1938 1396 117 24 GLOIS.

1904 1432 172 23 Intermèdes
2105 1433 34 23 de
2167 1433 87 23 chant
2282 1439 52 23 par
2362 1434 123 23 Blanche

1936 1469 172 27 DELIGNY,
2141 1474 121 22 soprano
2294 1469 38 24 du
2368 1469 119 24 Théâtre

1935 1505 88 28 Royal
2047 1505 34 23 de
2103 1505 27 23 la
2153 1505 142 24 Monnaie.

1876 1553 125 24 LUNDI
2033 1553 12 24 1
2058 1553 21 24 6
2106 1553 174 24 JANVIER
2298 1559 7 18 :

1904 1588 24 22 A
1945 1587 29 23 13
1990 1587 29 24 h.
2035 1588 30 23 20
2079 1592 6 17 :
2104 1588 51 22 Les
2171 1588 148 23 aventures
2336 1588 34 23 de
2387 1588 100 24 Slache

1934 1628 51 23 par
2006 1624 106 23 Marcel
2134 1623 129 24 Antoine.

1903 1660 79 23 Deux
1995 1660 169 23 intermèdes
2177 1667 13 15 n
2203 1661 74 22 Pour
2290 1665 66 19 vous
2368 1660 91 23 Plaire
2473 1668 13 15 »

1935 1701 52 22 par
2014 1695 128 25 Fernand
2168 1696 231 27 COPPIETERS,
2425 1695 45 28 pia­

1933 1731 73 24 niste
2030 1733 29 22 et
2083 1732 61 23 Lise
2169 1732 144 27 COLINY,

1874 1781 131 23 MARDI
2036 1780 12 24 1
2061 1781 20 23 7
2107 1780 175 24 JANVIER
2300 1785 8 18 :

1900 1815 120 23 Concert
2058 1820 52 22 par
2148 1814 168 24 l’Orchestre

1933 1851 62 23 LOI
1996 1851 42 22 SE
2039 1851 57 23 AU.

1899 1888 25 21 A
1942 1887 30 23 15
1990 1887 27 23 h.
2035 1888 31 22 50
2080 1892 5 18 :
2107 1887 38 23 La
2165 1886 108 24 minute
2291 1886 33 24 de

1930 1928 52 22 par
1999 1923 126 23 Armand
2144 1923 148 23 VARLEZ.

1900 1960 23 21 A
1944 1959 30 23 16
1994 1959 101 23 heures
2110 1963 6 18 :
2139 1966 14 16 «
2174 1958 113 23 L’Oubli
2308 1966 22 19 »,
2350 1958 135 27 fantaisie

1930 1995 133 23 musicale
2079 2000 52 23 par
2149 1994 62 23 Lise
2227 1994 144 23 COLINY.

1872 2043 209 23 MERCREDI
2115 2042 48 25 18
2191 2042 201 24 JANVIER:

1901 2077 120 22 Concert
2047 2077 120 27 d’Orgue
2194 2077 92 22 donné
2312 2082 51 22 par
2389 2076 95 23 Albert

1931 2112 164 23 ESPAGNE
2118 2117 47 18 sur
2186 2112 38 23 les
2245 2112 120 27 grandes
2386 2116 98 23 orgues

1934 2148 38 23 du
1990 2147 92 24 Palais
2102 2148 47 23 des
2170 2147 185 28 Beaux-Arts,
2374 2152 67 18 avec
2461 2147 25 23 le

1934 2187 133 21 concours
2083 2183 112 23 d’Omer
2209 2183 174 28 DEQUICK,
2398 2183 72 23 trom­

1935 2220 85 27 pette.

1874 2275 120 24 JEUDI
2023 2276 12 23 1
2048 2276 21 23 9
2095 2276 173 23 JANVIER
2285 2282 8 17 :

1902 2310 26 22 A
1944 2309 30 24 13
1990 2309 27 24 h.
2034 2310 30 22 20
2077 2315 7 18 ;
2103 2310 51 23 Les
2170 2310 148 23 aventures
2335 2310 33 23 de
2385 2311 101 23 Slache

1937 2350 52 22 par
2008 2345 105 24 Marcel
2134 2346 168 23 ANTOINE.

1906 2381 24 23 A
1948 2381 29 23 13
1996 2381 27 24 h.
2042 2382 30 22 35
2087 2386 6 18 :
2114 2382 120 23 Concert
2253 2382 34 23 de
2305 2382 44 23 bal
2369 2383 120 23 musette

1937 2423 52 23 par
2007 2417 25 23 le
2052 2418 127 27 Quatuor
2196 2418 179 23 OSCARDY.

1905 2454 25 22 A
1961 2453 30 24 16
2021 2453 102 24 heures
2137 2458 6 18 :
2178 2453 243 29 Radio-diffusion
2453 2454 38 24 du

1937 2489 112 24 concert
2063 2489 92 23 donné
2169 2495 52 22 par
2234 2489 168 24 l’Orchestre
2416 2490 59 24 Gas­

1938 2526 54 22 ton
2004 2526 147 26 RASKIN,
2167 2525 91 28 relayé
2275 2526 48 24 des
2339 2526 101 25 Salons
2457 2525 33 24 de

1940 2561 132 24 ZAé-des
2097 2561 113 23 Grands
2236 2562 143 24 Magasins
2404 2562 35 22 de
2462 2562 35 20 la.

1937 2595 112 23 Bourse.

1876 2642 205 24 VENDREDI
2116 2642 49 24 20
2195 2642 174 24 JANVIER
2387 2648 8 18 :

1904 2676 118 23 Concert
2035 2682 52 23 par
2099 2676 168 24 l’Orchestre
2281 2678 110 23 Gaston
2405 2678 66 23 RAS­

1936 2712 78 23 KIN.

772 1468 96 27 croire,
886 1472 60 20 mes
963 1466 81 23 chers

426 1502 151 27 auditeurs,
598 1501 65 28 qu’il
685 1502 46 28 n’y
752 1509 17 18 a
791 1508 52 22 que
865 1502 41 24 les
924 1500 119 23 rêveurs,

427 1536 40 24 les
484 1535 211 29 sentimentaux
713 1537 28 23 et
759 1538 40 22 les
818 1535 95 29 poètes
932 1535 47 27 qui
998 1538 37 23 ap­

321 1570 127 27 précient
469 1571 25 23 le
517 1570 114 24 charme
652 1571 50 24 des
724 1568 133 26 illusions.

350 1622 30 21 Si
401 1624 48 24 des
469 1622 126 24 illusions
615 1622 157 25 naissaient
791 1622 93 23 toutes
901 1622 73 25 dans
992 1623 37 18 no­

318 1656 43 26 tre
383 1661 84 22 cœur,
489 1656 66 24 d’un
576 1655 80 26 excès
677 1654 215 28 d’imagination
912 1660 36 20 ou
967 1653 63 28 d’op­

318 1689 130 31 timisme,
468 1689 21 24 il
507 1695 18 22 y
545 1696 16 18 a
582 1689 138 29 peut-être
740 1688 91 27 moins
851 1692 34 23 de
906 1693 69 23 gens
993 1691 47 23 qui

317 1728 38 19 en
377 1724 160 28 jouiraient,
557 1729 38 19 ou
615 1731 37 19 en
670 1722 197 27 souffriraient
889 1722 17 24 à
928 1723 30 23 la
978 1720 62 26 fois.

1104 1467 80 28 Mais,
1202 1467 21 23 il
1239 1468 65 23 s’est
1321 1468 97 24 trouvé
1435 1468 50 25 des
1502 1474 69 23 gens
1587 1469 46 28 qui
1650 1470 51 24 ont
1717 1469 65 24 trou­

1071 1501 33 24 vé
1122 1507 53 23 que
1192 1502 28 23 la
1238 1502 157 28 profession
1412 1504 35 24 de
1465 1503 158 23 marchand
1639 1503 153 23 d’illusions

1071 1537 95 25 devait
1187 1536 58 26 être
1266 1536 160 26 fructueuse
1449 1540 29 23 et
1497 1537 227 24 rémunératrice.

1103 1579 53 26 Les
1179 1580 173 24 marchands
1377 1579 155 25 d’illusions
1574 1580 123 23 vendent
1738 1584 54 18 aux

1071 1612 72 24 êtres
1164 1612 141 28 humains,
1326 1612 131 25 l’illusion
1475 1615 33 25 de
1530 1615 28 25 la
1579 1614 85 28 gloire
1685 1618 106 18 comme

1069 1647 132 24 l’illusion
1223 1648 34 24 de
1278 1647 124 27 l'amour.

1102 1681 36 24 Et
1154 1680 134 26 l’histoire
1307 1682 47 28 qui
1373 1682 76 23 vient
1466 1681 133 25 d’arriver
1616 1682 18 24 à
1653 1688 54 19 une
1725 1682 65 29 jolie

1069 1715 83 26 dame
1171 1715 35 25 de
1227 1716 79 23 Paris
1329 1717 64 23 n’en
1415 1716 105 25 est-elle
1541 1722 51 23 pas
1613 1716 28 24 la
1663 1721 102 23 preuve
1778 1717 12 23 ?

1100 1750 25 23 Il
1150 1749 82 28 s’agit
1256 1751 83 24 d’une
1367 1750 90 28 bonne
1482 1749 77 24 mère
1600 1752 34 23 de
1674 1750 117 27 famille,

1068 1783 102 28 épouse
1190 1785 67 23 d’un
1277 1784 190 28 commerçant
1487 1784 114 27 notable
1619 1786 29 22 et
1668 1784 48 28 qui
1735 1790 46 18 cer­

1069 1817 157 27 tainement
1247 1817 94 26 devait
1362 1819 132 26 partager
1515 1818 26 26 le
1563 1817 101 26 travail
1685 1820 33 22 de
1738 1821 52 19 son

1068 1851 80 28 mari,
1169 1851 143 29 puisqu’ils
1332 1851 178 29 possédaient
1531 1854 64 23 tous
1614 1854 72 23 deux
1708 1853 27 23 la
1756 1854 23 24 si­

1068 1886 119 28 gnature
1211 1885 191 28 commerciale
1425 1888 28 22 et
1477 1886 138 24 bancaire.

1100 1920 48 27 Or,
1170 1919 18 24 à
1211 1921 28 23 la
1265 1919 80 27 veille
1369 1921 37 22 du
1430 1920 125 28 mariage
1578 1920 83 24 d’une
1686 1922 35 22 de
1745 1925 44 18 ses

1068 1953 99 28 nièces,
1193 1954 72 25 cette
1291 1953 151 25 excellente
1468 1954 158 28 bourgeoise
1651 1954 138 29 s’aperçut

1070 1989 197 27 brusquement
1286 1988 97 29 qu’elle
1403 1996 36 19 ne
1459 1987 92 24 savait
1568 1994 51 22 pas
1639 1989 103 22 danser
1760 1988 29 25 et

1070 2023 51 27 elle
1137 2022 99 23 décida
1251 2027 52 18 son
1318 2022 71 22 mari
1405 2024 17 24 à
1439 2023 39 23 lui
1494 2022 97 24 laisser
1605 2022 119 28 prendre
1740 2021 49 26 des

1068 2056 95 28 leçons
1184 2061 36 18 en
1240 2054 165 28 compagnie
1442 2057 66 23 d’un
1545 2056 84 27 jeune
1649 2055 102 25 maître
1773 2056 17 23 à

1071 2091 102 23 danser
1190 2091 62 25 tout
1270 2089 18 24 à
1305 2090 56 25 fait
1377 2090 140 25 moderne.
1535 2090 47 31 Or,
1599 2091 19 23 il
1635 2096 17 22 y
1671 2097 17 17 a
1705 2090 18 24 à
1739 2091 40 22 Pa­

1070 2124 46 27 ris,
1136 2124 123 27 certains
1278 2123 116 24 maîtres
1414 2123 18 24 à
1450 2123 102 25 danser
1573 2124 48 29 qui
1643 2123 148 29 (lorsqu’ils

1070 2162 51 22 ont
1147 2158 72 23 dans
1245 2159 40 23 les
1313 2158 64 23 bras
1405 2163 55 18 une
1488 2157 159 27 bourgeoise
1673 2158 118 27 cossue),

1072 2193 177 26 s’arrangent
1266 2198 37 18 en
1319 2193 75 22 sorte
1413 2192 35 24 de
1466 2192 40 23 lui
1523 2191 71 26 faire
1613 2191 136 28 regretter
1767 2191 25 22 le

1073 2226 91 28 temps
1184 2226 88 27 perdu
1294 2231 37 17 au
1352 2225 93 24 devoir
1466 2226 38 24 du
1523 2225 118 29 ménage
1660 2226 30 24 et
1709 2226 36 24 de
1767 2225 26 22 la

1072 2259 152 24 maternité
1242 2263 30 23 et
1292 2259 59 24 leur
1373 2259 191 23 entr’ouvrent
1585 2260 41 24 les
1646 2260 94 27 portes
1759 2260 34 24 de

1073 2293 114 30 paradis
1210 2293 146 28 artificiels
1378 2293 102 25 autant
1503 2299 52 23 que
1578 2292 146 25 défendus.

1105 2329 43 23 En
1175 2327 131 28 échange,
1336 2333 46 19 ces
1410 2327 174 27 bourgeoises
1611 2331 110 20 cossues
1748 2330 37 19 en­

1074 2363 153 24 tr’ouvrent
1236 2362 60 22 leur
1305 2361 174 28 portefeuille
1489 2363 28 22 et
1537 2366 45 18 ces
1604 2361 134 26 aigrefins
1760 2365 35 20 ne

1074 2403 30 19 se
1122 2397 64 23 font
1206 2402 51 23 pas
1276 2396 79 24 faute
1374 2397 45 27 d’y
1437 2396 93 28 puiser
1550 2396 163 27 largement.

1106 2431 74 23 C’est
1206 2436 30 19 ce
1262 2432 47 27 qui
1336 2430 42 24 est
1419 2429 91 24 arrivé
1533 2429 18 25 à
1576 2430 73 23 cette
1691 2432 104 25 pauvre

1076 2464 160 29 bourgeoise
1253 2465 88 26 riche;
1362 2465 52 26 elle
1432 2472 19 18 a
1467 2463 97 25 écouté
1582 2470 40 18 un
1638 2462 158 24 marchand

1075 2499 164 28 d’illusions;
1263 2498 112 25 décidée
1397 2498 17 24 à
1436 2498 74 25 vivre
1531 2502 32 19 sa
1584 2497 51 28 vie,
1656 2498 29 23 la
1705 2497 90 22 bonne

1075 2533 90 25 Dame
1185 2533 57 24 alla
1263 2532 87 24 rafler
1370 2540 37 17 en
1426 2532 110 29 banque
1555 2533 41 23 les
1638 2532 101 23 180.000
1760 2531 35 24 fr.

1074 2568 50 22 des
1144 2568 124 25 comptes
1290 2568 132 21 courants
1439 2567 176 24 et-emporta
1638 2565 158 25 également

1073 2604 55 19 une
1152 2600 130 23 centaine
1305 2600 33 26 de
1362 2598 76 22 mille
1474 2598 97 22 francs
1608 2596 47 29 qui
1694 2595 90 24 consti­

1073 2630 111 29 tuaient
1202 2639 31 18 sa
1254 2627 86 34 petite
1360 2631 113 25 fortune
1493 2630 183 29 personnelle.

1106 2669 52 22 Les
1177 2667 93 27 maris,
1290 2666 127 25 victimes
1434 2668 35 23 de
1489 2664 128 29 pareilles
1637 2664 157 28 aventures,

1074 2701 120 24 cachent
1215 2700 221 25 ordinairement
1459 2699 59 24 leur
1542 2701 94 28 honte,
1659 2699 73 24 mais
1754 2705 31 18 ce­

1075 2736 76 23 lui-ci
1171 2735 37 25 fit
1227 2742 41 19 un
1288 2734 104 29 procès.
1412 2735 38 24 Le
1470 2733 101 25 maître
1591 2733 18 24 à
1629 2733 103 24 danser
1753 2733 43 24 est

1074 2775 37 18 en
1137 2769 103 28 prison,
1263 2768 133 25 Madame
1422 2770 44 23 est
1491 2767 147 27 retournée
1665 2768 73 24 dans
1764 2770 33 18 sa

1074 2804 116 27 famille,
1214 2803 20 25 il
1257 2803 46 29 n’y
1326 2809 18 17 a
1366 2808 53 22 que
1443 2802 40 25 les
1505 2802 101 26 280,000
1629 2801 98 27 francs
1749 2801 48 28 qui

1074 2839 79 25 n’ont
1177 2843 51 23 pas
1249 2837 45 24 été
1316 2836 150 25 retrouvés.

1106 2873 52 25 Les
1182 2872 125 26 femmes,
1335 2871 40 24 les
1402 2871 118 24 femmes
1547 2870 110 24 surtout
1682 2868 113 25 doivent

1074 2912 29 19 se
1129 2906 99 23 méfier
1253 2906 49 23 des
1326 2905 171 26 marchands
1522 2903 161 24 d’illusions.

2765 1941 211 49 REÇOIT

2545 2015 672 98 ARLETTY

1101 3692 52 21 Les
1172 3690 120 30 loteries,
1315 3690 140 24 d’ailleurs
1475 3690 51 22 ont
1567 3687 127 27 toujours
1731 3687 61 23 leur
1831 3682 3 25 I

1070 3724 101 25 attrait
1193 3726 28 22 et
1243 3724 60 23 leur
1324 3723 127 28 prestige.
1472 3721 86 28 Ainsi,
1581 3727 30 19 ce
1634 3721 100 27 matin,
1754 3726 37 19 en
1832 3722 2 8 '

1068 3759 192 26 m’apportant
1282 3763 67 20 mon
1371 3757 61 23 café
1456 3762 36 18 au
1514 3756 59 27 lait,
1612 3759 48 18 ma
1699 3755 91 22 bonne
1831 3762 3 24 ;

1069 3792 55 23 m’a
1146 3792 43 24 dit
1210 3798 67 18 avec
1299 3793 43 22 cet
1362 3790 136 27 ineffable
1520 3792 99 22 accent
1643 3790 147 23 bruxellois

1069 3826 47 27 qui
1137 3826 139 23 constitue
1296 3826 63 24 tout
1380 3826 25 24 le
1426 3824 170 29 pittoresque
1618 3824 33 24 de
1673 3829 32 18 sa
1727 3827 53 18 con­

1069 3859 142 24 versation
1232 3864 8 19 :

1100 3899 15 17 «
1141 3894 74 23 Vous
1242 3898 88 22 savez,
1357 3891 151 27 Monsieur,
1536 3898 51 22 que
1615 3892 49 28 j'ai
1690 3895 99 20 encore

1069 3927 99 24 acheté
1189 3933 40 17 un
1249 3927 76 23 billet
1346 3929 35 23 de
1400 3925 116 28 Loterie,
1536 3926 66 27 c’est
1623 3927 24 24 le
1669 3926 46 24 43e
1736 3929 53 23 que

1067 3960 128 30 j’achète.
1213 3966 14 17 »

1100 4008 32 4 —
1146 3996 25 22 Il
1187 3995 63 23 faut
1267 3994 85 26 croire
1370 3999 52 22 que
1440 3998 67 20 vous
1524 3997 66 20 avez
1606 3994 34 23 de
1657 3994 28 23 la
1701 3992 87 27 veine,

1067 4028 131 31 Mélanie,
1218 4033 69 19 vous
1308 4032 66 18 avez
1396 4028 89 27 gagné
1508 4028 117 22 souvent
1637 4028 12 22 ?

1098 4077 33 5 —
1158 4063 65 25 Moi,
1250 4062 150 27 Monsieur,
1428 4060 111 29 jamais,
1566 4061 73 24 mais
1663 4061 26 25 le
1716 4065 61 18 mar­

1069 4099 94 24 chand
1181 4098 34 24 de
1235 4096 91 25 billets
1346 4096 46 28 qui
1411 4098 42 21 est
1473 4102 40 17 un
1533 4095 49 28 joli
1602 4099 111 23 garçon,
1733 4095 55 21 m’a

1068 4133 61 29 juré
1150 4138 52 23 que
1224 4132 72 25 cette
1316 4129 99 28 fois-ci,
1435 4130 103 27 j’allais
1556 4135 105 23 gagner
1680 4130 27 24 le
1728 4128 49 24 mil­

1067 4168 64 23 lion.
1156 4168 30 22 Si
1211 4166 154 24 seulement
1406 4166 58 24 cela
1490 4163 115 29 pouvait
1645 4163 143 25 m'arriver

1067 4202 114 25 n’est-ce
1204 4206 52 23 pas
1278 4199 142 23 Monsieur
1431 4199 12 22 ?

1099 4247 34 5 —
1148 4236 35 23 Et
1199 4241 52 22 que
1269 4232 170 25 ferlez-vous,
1458 4231 122 23 Mélanie
1592 4232 13 23 ?

1096 4281 34 5 —
1148 4270 39 24 Ce
1207 4274 51 23 que
1279 4269 27 27 je
1326 4266 93 27 ferais,
1440 4266 151 29 Monsieur,
1611 4265 71 24 mais
1702 4265 27 28 je
1749 4267 35 18 ne

1056 4303 96 29 ferais
1177 4304 63 28 plus
1264 4303 61 22 rien
1338 4302 6 22 !
1371 4298 113 27 n’est-ce
1511 4305 49 22 pas
1572 4301 13 22 ?

1097 4408 62 25 Une
1179 4408 86 23 heure
1289 4405 88 29 après,
1401 4404 67 23 chez
1493 4405 25 26 le
1543 4403 127 28 coiffeur,
1694 4402 90 24 même

1064 4441 141 28 rengaine.
1224 4442 46 23 Un
1287 4445 104 23 garçon
1408 4444 44 18 me
1471 4439 42 25 dit
1534 4443 6 18 :
1560 4444 14 16 «
1594 4438 32 23 Je
1646 4438 126 22 commen­

1065 4481 30 18 ce
1112 4475 17 23 à
1145 4475 77 23 avoir
1237 4480 85 22 soupe
1339 4476 34 23 de
1389 4479 45 21 ces
1449 4473 102 23 lotions
1567 4473 28 22 et
1610 4473 32 24 de
1659 4476 45 18 ces
1720 4469 52 24 fric­

1064 4510 81 26 tions,
1170 4508 33 26 de
1225 4509 107 27 gratter
1355 4508 25 26 le
1404 4508 58 24 cuir
1485 4508 35 23 de
1544 4511 60 20 mes
1625 4506 147 24 contempo­

1062 4544 87 26 rains,
1171 4543 73 24 cette
1264 4542 61 27 fois,
1346 4542 28 27 je
1396 4546 89 22 gagne
1508 4543 24 22 le
1554 4539 115 27 million,
1691 4539 28 27 je
1742 4538 42 23 vis

1063 4578 18 22 d
1081 4588 15 18 e
1119 4583 59 17 mes
1199 4577 123 22 rentes...
1346 4575 127 27 toujours
1495 4573 150 26 travailler,
1667 4573 67 24 c’est
1755 4572 27 22 la

1063 4612 84 24 barbe
1160 4611 6 23 !
1189 4616 22 17 ».

1094 4646 34 26 Et
1153 4651 31 18 ce
1207 4644 84 28 jeune
1314 4641 234 31 garçon-coiffeur
1571 4639 76 26 avait
1668 4640 31 23 20
1723 4643 59 21 ans.

1419 4688 79 26 (Voir
1521 4688 72 23 suite
1616 4693 70 23 page
1709 4689 36 25 4.)

1106 3011 41 22 La
1165 3009 133 24 crédulité
1317 3010 49 23 des
1384 3011 98 20 braves
1501 3013 67 22 gens
1585 3013 44 21 est
1647 3014 54 19 une
1720 3012 64 18 sour­

1074 3050 31 18 ce
1120 3044 34 24 de
1170 3048 119 21 revenus
1305 3048 70 23 pour
1390 3043 41 24 les
1445 3042 173 24 marchands
1634 3041 161 27 d’illtsions.

1105 3078 39 23 Us
1167 3077 153 29 exploitent
1344 3078 75 23 aussi
1442 3077 123 27 l’orgueil
1589 3078 28 23 et
1639 3074 155 24 l’ambition

1073 3113 50 25 des
1141 3118 54 23 uns
1211 3118 37 20 ou
1266 3111 49 24 des
1333 3111 102 28 autres.

1104 3147 37 26 Le
1164 3145 132 28 mariage,
1318 3145 90 23 a-t-on
1429 3144 50 28 dit,
1503 3147 42 23 est
1568 3150 55 19 une
1645 3144 97 24 loterie
1766 3144 28 21 et

1071 3181 40 26 les
1139 3180 171 24 marchands
1334 3179 153 24 d’illusions
1514 3179 136 25 excellent
1677 3181 18 24 à
1722 3178 72 23 faire

1072 3214 88 25 croire
1184 3213 17 24 à
1225 3215 28 22 la
1276 3213 98 25 tendre
1397 3213 83 27 jeune
1505 3212 60 24 fille
1588 3212 83 27 qu’en
1693 3211 90 27 l’épou­

1072 3249 75 25 sant.
1166 3248 52 24 elle
1239 3253 70 18 aura
1327 3248 89 27 gagné
1434 3247 27 25 le
1480 3251 63 23 gros
1563 3247 47 23 lot.

1106 3283 37 25 Le
1165 3287 64 23 gros
1249 3283 47 29 lot,
1318 3287 70 23 pour
1409 3282 49 24 des
1476 3280 116 27 milliers
1613 3281 29 24 et
1663 3282 49 23 des
1732 3279 50 24 mil­

1071 3318 66 25 liers
1156 3316 35 25 de
1214 3321 158 24 personnes,
1395 3316 73 24 dans
1490 3315 106 27 chaque
1620 3314 104 27 loterie,
1747 3317 36 18 en­

1072 3351 104 29 gendre
1195 3351 41 26 les
1256 3351 63 29 plus
1338 3349 85 25 belles
1442 3348 134 26 illusions.

1103 3385 55 28 Qui
1187 3383 99 25 achète
1314 3390 40 17 un
1383 3382 76 25 billet
1489 3384 33 23 de
1549 3382 104 25 loterie,
1683 3381 25 25 le
1738 3381 55 24 fait

1072 3420 72 24 dans
1164 3420 111 27 l’espoir
1294 3420 34 23 de
1346 3423 103 23 gagner
1462 3418 12 22 ?

1104 3455 118 24 Chacun
1246 3460 29 17 se
1301 3453 57 26 voit
1382 3452 65 27 déjà
1472 3451 197 26 millionnaire,
1695 3449 86 24 Mada­

1070 3494 45 18 me
1142 3494 36 17 va
1203 3487 105 24 s’offrir
1333 3492 54 19 une
1414 3485 65 28 jolie
1507 3484 169 24 automobile
1703 3486 29 23 et
1758 3483 35 24 de

1071 3523 85 23 belles
1178 3522 150 25 fourrures,
1350 3522 29 22 et
1399 3519 144 23 Monsieur
1564 3517 135 28 convoite,
1723 3521 69 24 pour

1073 3561 32 20 sa
1124 3556 86 28 jeune
1229 3556 67 25 fille,
1317 3561 39 18 un
1375 3553 82 24 noble
1477 3552 97 28 époux.

1105 3590 130 23 Illusions
1251 3590 5 22 !
1281 3587 130 24 Ulusions
1424 3586 6 24 !
1445 3587 7 23 !

949 3603 38 17 Ue.

671 2708 69 37 qu’il

681 2748 51 36 d’y

426 3608 38 18 Vu

823 2671 149 30 D’aucuns

761 2722 19 23 y
802 2722 33 17 en
858 2722 17 17 a
898 2712 71 34 cinq,

768 2749 139 35 ajouter...
944 2749 28 29 la

447 2369 35 21 ES
507 2368 197 29 commerçants
729 2361 37 31 les
790 2363 62 36 plus
876 2363 97 30 malins

488 2406 61 24 sont
567 2400 38 30 les
624 2400 167 31 marchands
810 2401 34 30 de
864 2407 109 30 quatre-

488 2440 136 29 saisons...

402 2477 108 35 Quand
528 2477 152 31 l'industrie
700 2478 35 30 de
754 2478 28 31 la
802 2481 88 28 crème
910 2481 16 28 à
946 2480 27 30 la

356 2514 80 37 glace
451 2528 33 17 ne
500 2516 110 30 marche
625 2516 72 37 plus,
715 2530 35 18 on
765 2530 28 17 se
809 2517 78 31 lance
905 2518 68 30 dans

357 2554 38 31 les
418 2567 124 17 marrons
566 2556 180 31 rhsi'ul*,—et
778 2558 59 26 triee
861 2567 110 18 versa...

355 2589 129 31 N'est-ce
502 2601 51 26 pas
571 2590 105 35 l’idéal,
696 2598 26 24 et
741 2593 27 29 la
786 2594 132 29 certitude
938 2594 35 29 de

354 2629 82 33 faire,
456 2629 104 36 malgré
580 2636 67 28 tout,
667 2630 48 31 des
734 2632 138 33 affaires?

399 2667 27 30 Il
448 2681 20 24 y
491 2681 16 17 a
532 2675 96 30 quatre
652 2671 134 29 saisons...

355 2716 69 21 vous
447 2707 90 31 diront
561 2711 86 27 même

356 2757 48 18 car
428 2746 19 29 il
472 2752 38 24 est
535 2747 110 36 logique

354 2786 221 29 morte-saison...

373 3049 36 34 *
445 3039 30 46 >
529 3063 28 46 0'

347 1860 56 41 En
424 1876 142 37 tnatt/e

345 1929 52 40 de
417 1929 49 41 la
487 1929 323 53 météaioEagie...

347 2013 50 82 Y
429 2025 46 70 a
515 2013 154 84 fl’la
705 2013 166 94 joie

349 2167 116 50 ELcvc
504 2175 114 42 touô
781 2167 183 67 Tempt

351 2259 10 50 I
396 2272 59 19 Une
470 2272 138 19 fantaisie
623 2273 37 18 de
675 2273 109 19 Marcel
799 2273 122 19 Antoine
963 2261 2 31 I

393 3912 79 30 Mais
496 3912 72 30 bah!
593 3914 164 36 qu’importe
781 3915 24 30 le
829 3918 135 34 temps!...

349 3950 26 30 Il
388 3953 64 31 faut
464 3952 118 35 prendre
596 3952 27 30 la
636 3955 43 28 oie
693 3963 51 26 par
758 3954 24 30 le
798 3954 54 30 bon
868 3955 96 31 bout...

350 3989 80 36 Qu’il
448 3990 108 36 pleuve,
576 3991 70 36 qu’il
663 3994 87 34 neige,
770 3993 68 36 qu’il
855 4000 109 24 vente...

350 4027 20 30 il
391 4031 64 31 faut
479 4030 100 34 garder
603 4030 24 30 le
651 4033 113 32 sourire,
789 4032 105 36 malgré
928 4033 37 30 les

349 4068 122 33 rigueurs
487 4067 35 31 de
539 4068 27 30 la
583 4072 180 33 température
779 4076 27 24 et
822 4070 93 31 Iéclat
931 4072 34 29 de

348 4104 136 31 Phébus!

392 4143 49 34 Et,
465 4157 32 17 en
519 4156 68 19 vous
609 4149 156 33 présentant
786 4161 30 17 sa
838 4149 126 30 nouvelle

347 4184 139 32 fantaisie,
511 4184 113 31 Marcel
647 4186 123 30 Antoine
795 4187 111 30 tâchera
930 4187 34 30 de

347 4228 69 21 vous
442 4221 155 32 démontrer
623 4224 70 36 qu'il
717 4231 40 24 est
782 4227 74 28 aussi
879 4226 84 34 facile

349 4256 35 30 de
404 4258 112 32 chanter
534 4273 62 18 sou-
617 4263 27 29 la
664 4263 73 36 pluie
758 4277 53 23 que
831 4264 133 30 d'éclater

349 4295 35 29 de
404 4298 50 28 rire
474 4311 62 18 sous
557 4300 24 29 le
600 4301 109 31 soleil...

392 4334 48 33 Et,
462 4346 70 25 pour
552 4348 67 20 vous
640 4340 25 29 le
686 4351 126 25 prouver,
835 4341 18 30 il
873 4354 17 17 a
910 4342 53 33 fait

347 4373 85 35 appel
460 4387 54 18 aux
543 4377 151 32 meilleures
722 4380 121 30 vedettes
872 4380 35 30 de
936 4380 27 29 la

348 4411 122 32 chanson
495 4416 70 33 gaie,
590 4428 30 21 ce
645 4419 47 34 qui
715 4431 27 17 se
768 4418 121 30 'réduira
913 4428 51 26 par

349 4462 50 18 une
419 4451 167 36 de,mi-heure
605 4454 34 30 de
659 4456 88 30 bonne
766 4457 123 33 h-imeur,
910 4469 53 24 que

345 4498 68 21 Vous
441 4503 33 17 ne
502 4504 166 24 manquerez
695 4505 60 26 pas,
785 4495 174 36 espérons-le,

347 4527 35 30 de
401 4539 158 21 savourer...

390 4567 92 36 Soyez
503 4569 81 34 donc,
605 4573 17 27 à
643 4578 42 23 cet
705 4576 78 30 effet,
806 4585 55 17 aux
880 4576 68 27 écou­

348 4609 47 28 tes,
415 4606 24 29 le
456 4607 40 29 21
515 4609 115 33 janvier.
