3998 5751
520 43 21 31 s

1777 146 118 19 NATION
1914 147 103 20 BFÏÏ.GH:
2042 146 25 20 27
2087 146 57 19 MAT
2164 146 55 19 1335.

99 220 28 20 de
143 220 104 21 meubles
264 219 23 20 et
302 219 41 20 des
356 217 85 21 clients
455 216 93 21 sérieux
562 220 60 20 pour

94 245 23 19 la
131 243 120 25 spécialité
265 240 129 22 malihoise.

123 278 17 20 11
161 276 162 21 conviendrait
343 275 60 19 donc
422 278 46 19 que
487 273 34 19 les
541 275 68 16 mesu-

94 308 38 15 res
150 303 27 20 de
197 299 217 26 contingentement
429 298 76 24 prises
523 301 44 20 par
583 297 34 18 les

94 328 120 24 Français,
239 328 33 18 les
296 324 146 21 Hollandais,
465 323 33 19 les
519 321 98 24 Anglais

93 355 25 19 et
133 354 34 19 les
182 351 153 21 Américains,
350 349 77 21 soient
440 346 137 26 rapportées
593 346 24 20 et

92 384 45 19 que
149 378 29 20 de
190 378 58 23 plus,
262 376 117 20 certaînes
391 375 67 19 taxes
470 371 146 23 intérieures,

92 404 57 20 telle'
158 405 24 18 la
194 405 53 18 taxe
260 402 28 20 de
300 402 52 18 luxe
366 400 29 19 de
406 399 14 20 9
430 404 23 19 p.
465 403 20 15 c.
498 398 40 23 qui
551 397 56 23 frap-

93 434 28 19 pe
137 429 37 19 lés
190 427 104 20 meubles
311 426 28 20 de
358 425 68 20 choix
443 429 29 14 en
490 422 85 24 acajou
592 422 25 18 et

92 460 28 14 en
134 454 50 20 bois
197 454 41 19 des
250 451 49 22 îles,
315 451 76 20 soient
405 447 152 26 supprimées.
571 447 44 19 Ces

91 480 73 21 taxes,
184 477 124 23 d'ailleurs,
328 481 29 15 ne
379 475 55 19 sont
451 473 72 24 guère
543 472 63 24 profi-

92 503 75 21 tables
188 507 31 15 au
241 501 91 23 Trésor,
353 500 99 24 puisque
473 498 54 19 bien
549 501 66 15 rares

91 530 54 19 sont
163 528 34 19 les
214 525 151 22 commandes
382 529 29 15 en
430 523 185 20 ameublements

91 554 29 19 de
134 558 27 16 ce
177 557 78 19 genre.

116 586 96 19 D'autre
229 584 60 23 part,
304 582 15 20 à
334 581 68 24 peine
417 582 23 19 la
455 579 89 24 reprise
559 579 46 19 s'af-

90 609 151 22 firmait-elle,
260 608 84 23 qu'une
362 607 86 18 hausse
467 605 28 19 de
511 604 27 19 20
554 609 22 19 p.
594 608 20 14 c.

90 640 42 15 sur
143 635 34 20 les
189 634 51 19 bols
252 632 58 20 était
322 629 129 26 appliquée.
464 629 66 20 Cette
544 629 61 19 haus-

94 667 25 14 se
137 665 29 15 ne
184 659 106 24 frappait
307 662 42 19 pas
367 656 130 20 seulement
514 655 34 20 les
566 654 50 19 bois

89 686 28 19 de
137 688 146 21 provenance
304 680 130 24 étrangère,
453 685 26 14 ce
496 679 40 24 qui
554 677 59 20 était

90 711 91 23 logique
202 713 29 15 en
251 708 79 19 raison
351 706 31 19 du
403 704 98 26 pouvoir
520 703 93 19 d'achat

89 734 106 20 moindre
216 733 31 19 du
267 733 75 20 franc,
363 732 61 18 mais
444 730 43 19 elle
507 728 106 24 frappait

88 759 132 25 également
236 758 33 19 les
285 757 50 19 bois
351 756 28 20 de
395 758 146 21 provenance
559 758 44 15 con-

87 785 89 23 golaise
186 793 28 5 —
225 788 26 14 ce
263 783 41 23 qui
318 787 29 14 ne
361 780 124 24 s'explique
498 779 113 19 d'aucune

88 810 71 23 façon
179 818 24 5 —
202 818 4 6 ■
223 808 41 23 qui
282 808 94 19 servent
394 805 16 20 à
428 807 24 18 la
469 804 143 20 fabrication

88 835 28 19 de
142 833 103 21 certains
269 832 119 20 mobiliers
413 830 49 20 très
490 832 121 21 apprécies

89 859 124 20 d'ailleurs.
237 856 67 21 Cette
327 855 160 21 constatation
510 855 37 19 est
570 855 41 18 des

86 885 58 23 plus,
168 882 111 25 pénibles,
309 886 47 15 non
388 881 131 19 seulement
548 880 62 19 cette

86 910 87 19 hausse
187 908 116 20 constitue
317 911 45 15 une
377 907 97 19 entrave
489 904 16 21 à
520 905 23 19 la
557 909 45 15 con-

86 934 125 20 solidation
230 934 24 19 et
273 931 16 21 à
307 931 144 24 l'expansion
470 930 31 20 du
518 934 83 15 mouve-

85 959 67 22 ment
162 958 29 20 de
202 958 95 23 reprise,
307 957 61 19 mais
379 956 64 19 aussi
456 956 43 20 elle
511 956 37 18 est
559 953 42 26 pré-

85 983 125 25 judiciable
223 987 31 15 au
265 981 88 25 régime
366 980 151 24 économique
530 980 28 19 de
570 984 31 14 no-

85 1010 36 19 tre
135 1009 96 25 colonie,
244 1009 33 18 les
290 1008 50 18 bois
354 1007 31 19 du
398 1007 80 23 Congo
494 1009 106 16 commen-

85 1035 58 23 çant
164 1033 15 20 à
200 1033 50 19 être
272 1031 227 24 avantageusement
519 1029 91 20 utilisés

84 1064 45 20 par
145 1058 116 24 plusieurs
278 1057 134 20 industries.

111 1092 20 19 Il
150 1090 162 20 conviendrait
330 1089 60 19 donc
408 1092 45 20 que
470 1088 23 18 le
512 1092 89 18 gouver-

85 1118 101 19 nement,
214 1115 39 23 qui
278 1120 16 14 a
318 1113 77 21 donné
420 1118 32 15 au
476 1112 134 20 lendemain

84 1141 76 20 même
176 1141 29 19 de
223 1141 23 18 la
261 1138 156 23 dévaluation,
435 1142 47 15 aux
496 1138 68 19 chefs
581 1138 28 19 de

84 1166 131 20 l'industrie
236 1165 31 19 du
286 1165 99 22 meuble,
406 1163 40 19 des
467 1163 142 19 indications

85 1191 48 20 très
153 1190 128 25 prudentes
299 1190 75 23 quant
390 1188 16 20 à
423 1189 24 18 la
465 1188 144 23 majoration

84 1215 133 21 irréfléchie
243 1215 41 19 des
309 1214 59 24 prix,
393 1213 100 20 seconde
520 1213 88 20 ceux-ci

84 1242 60 19 dans
161 1242 63 18 leurs
244 1240 92 22 efforts,
354 1240 24 19 et
398 1239 96 19 conclue
514 1238 95 20 d'abord

84 1267 102 19 certains
203 1265 99 20 accords
318 1269 56 15 avec
389 1269 43 14 nos
447 1264 95 22 voisins,
557 1264 51 19 afin

83 1291 29 20 de
127 1291 75 21 briser
217 1291 33 19 les
266 1291 60 19 liens
339 1288 107 20 néfastes
461 1289 41 20 des
519 1289 80 19 contin-

84 1317 155 24 gentements,
263 1315 40 20 des
324 1314 72 20 tarifs
418 1314 144 22 arbitraires,
584 1314 24 18 et

82 1343 89 23 prenne
188 1340 65 20 aussi
273 1340 41 19 des
331 1344 106 15 mesures
455 1339 143 20 d'adoucisse-

82 1368 66 18 ment
162 1366 74 23 quant
251 1364 15 20 à
280 1366 24 19 la
319 1365 54 19 taxe
389 1365 29 19 de
435 1365 59 22 luxe,
511 1365 46 22 qui,
573 1362 34 20 ré-

81 1390 122 25 pétons-rle,
221 1390 60 20 n'est
299 1390 100 19 d'aucun
417 1390 74 24 profit
509 1394 59 18 pour
585 1389 21 19 le

82 1415 91 24 Trésor,
193 1417 98 23 puisque
311 1416 33 19 les
365 1415 118 20 mobiliers
505 1419 28 14 en
554 1418 43 15 aca-

80 1441 42 24 jou
133 1446 31 15 ne
177 1443 54 18 sont
242 1445 44 21 pas
300 1439 133 24 demandés,
447 1441 24 18 et
484 1443 50 19 que,
546 1443 60 19 pour

82 1467 22 20 le
122 1463 100 27 surplus',
240 1467 23 18 la
281 1465 108 20 clientèle
406 1471 26 14 se
450 1465 109 19 contente
578 1464 29 19 de

83 1491 119 20 mobiliers
231 1491 68 19 d'une
327 1491 82 19 valeur
437 1490 126 19 inférieure
592 1488 16 20 à

82 1516 73 23 20,000
168 1516 36 22 fr.,
216 1520 62 20 pour
289 1516 100 23 lesquels
403 1516 23 19 la
440 1516 54 18 taxe
510 1515 29 18 de
555 1514 52 20 luxe

82 1542 61 19 n'est
156 1546 44 19 pas
215 1541 137 23 applicable.
368 1541 21 18 Il
403 1540 109 20 convient
526 1540 28 19 de
569 1544 30 15 no-

84 1567 36 19 ter
137 1571 45 20 par
200 1566 103 22 ailleurs,
321 1570 45 19 que
385 1566 24 19 la
427 1565 66 22 crise,
511 1565 40 23 qui
569 1570 29 18 pe-

81 1592 47 19 sait
143 1596 45 15 sur
207 1591 131 20 l'industrie
356 1591 31 19 du
404 1590 98 22 meuble,
519 1590 88 19 n'avait

82 1622 44 19 pas
148 1622 32 14 un
202 1617 84 24 simple
306 1616 121 20 caractère
450 1616 157 24 économique,

80 1642 60 19 mais
153 1641 82 24 qu'elle
249 1641 66 19 avait
326 1641 65 19 aussi
404 1645 32 14 un
448 1642 82 22 aspect
541 1640 54 19 tech-

79 1667 131 23 nologique.
231 1666 89 24 Depuis
342 1666 141 22 l'armistice,
504 1666 34 18 les
559 1666 36 18 usi-

78 1696 43 15 nes
134 1691 140 24 produisant
287 1692 21 18 le
322 1690 92 20 meuble
430 1692 42 18 ont
488 1690 85 24 poussé
588 1689 16 20 à

78 1717 69 19 l'envi
169 1716 178 23 l'organisation
369 1716 29 19 de
420 1717 24 18 la
464 1716 139 23 production

78 1744 25 17 et
118 1742 29 19 de
163 1741 134 24 l'outillage,
313 1741 22 19 si
350 1741 55 19 bien
424 1745 45 19 que
485 1741 46 19 l'on
547 1741 56 23 peut

77 1767 55 19 dire*
140 1771 45 21 que
200 1767 34 19 les
247 1771 97 18 moyens
360 1766 28 20 de
403 1766 143 20 fabrication
561 1767 42 18 ont

77 1791 97 24 décuplé
194 1791 59 20 dans
271 1792 62 19 cette
352 1791 121 20 industrie.
490 1791 33 20 Le
541 1796 53 15 mar-

76 1816 44 20 ché
133 1816 114 22 iritérieur
260 1821 30 15 ne
302 1817 57 23 peut
373 1816 40 20 dès
429 1817 48 19 lors
490 1816 113 20 absorber

77 1842 24 19 la
121 1842 140 23 production
282 1842 24 19 et
326 1842 17 19 il
364 1842 53 19 faut
439 1841 16 20 à
477 1842 53 19 tout
550 1842 53 23 prix

78 1867 114 19 chercher
216 1867 40 19 des
280 1866 131 20 débouchés
433 1866 16 20 à
470 1866 133 25 l'étranger.

76 1892 19 19 C
102 1893 36 19 est
156 1891 24 20 là
197 1893 20 19 le
236 1892 50 19 seul
304 1897 85 18 moyen
410 1892 118 19 d'assurer
545 1892 16 20 à
578 1897 24 14 it*.

76 1918 96 23 reprise,
193 1917 40 23 qui
253 1917 56 20 s'est
329 1916 109 21 amorcée
461 1917 81 23 depuis
566 1918 37 19 six

75 1942 125 22 semaines,
220 1947 33 14 un
271 1942 122 20 caractère
413 1942 111 22 définitif,
544 1948 58 15 sans

76 1969 106 22 compter
196 1971 46 20 que
258 1967 56 20 c'est
330 1967 23 20 là
370 1969 65 18 aussi
452 1968 21 19 le
489 1969 53 22 plus
561 1968 41 20 sûr

75 1992 94 21 facteur
183 1992 29 19 de
227 1991 132 25 résorption
373 1993 31 19 du
418 1992 121 25 chômage.
556 1994 46 19 Sur

75 2022 27 14 a
117 2017 116 24 -chapitre,
251 2022 46 15 une
313 2022 94 16 mesure
424 2018 32 20 du
473 2019 53 23 plus
542 2019 60 19 haut

77 2041 88 23 intérêt
188 2042 74 20 serait
284 2042 17 20 à
326 2043 102 23 prendre
454 2043 137 21 immédiate-

74 2069 66 18 ment
151 2073 6 14 :
175 2067 56 21 c'est
247 2068 52 19 tout
315 2067 96 20 d'abord
425 2069 25 19 la
464 2070 136 23 rigoureuse

75 2091 143 21 observance
246 2093 29 19 de
301 2093 24 20 la
351 2093 72 20 durée
449 2094 33 20 du
508 2095 93 20 travail.

74 2117 66 22 Dans
156 2118 103 21 certains
275 2119 103 23 ateliers,
394 2125 30 14 en
440 2120 66 22 effet,
522 2125 31 15 on
570 2125 30 14 ne

76 2143 56 19 s'est
155 2142 72 25 guère
252 2142 138 25 préoccupé,
413 2149 32 15 au
468 2149 69 16 cours
559 2146 41 19 des

75 2167 119 20 dernières
208 2169 117 19 semaines
339 2169 29 19 de
380 2171 24 18 la
416 2170 31 19 loi
462 2170 41 20 des
518 2171 14 19 8
544 2171 47 19 heu-

74 2197 45 18 res,
143 2198 27 15 ce
196 2194 40 22 qui
263 2199 16 14 a
302 2198 61 19 pour
387 2194 159 25 conséquence
571 2196 29 19 de

73 2218 116 19 n'utiliser
211 2218 85 23 qu'une
320 2220 78 22 partie
423 2220 28 19 de
477 2221 23 19 la
524 2221 76 20 main-

75 2243 102 19 d'œuvre
199 2242 137 22 réellement
358 2244 139 21 nécessaire.
519 2246 81 23 Enfin,

74 2267 46 20 bon
134 2268 97 20 nombre
247 2269 28 19 de
292 2269 131 22 fabricants
440 2271 110 20 malinois
564 2277 26 15 se-

77 2293 77 20 raient
178 2294 120 23 partisans
324 2294 147 25 d'appliquer
493 2301 45 19 par
559 2302 32 19 pa-

73 2318 55 22 liers
142 2319 23 19 la
180 2319 105 19 semaine
301 2319 29 21 de
345 2320 26 19 40
386 2321 91 23 heures,
493 2326 57 16 avec
566 2327 32 15 un

74 2342 64 24 léger
158 2343 143 21 relèvement
323 2345 41 19 des
385 2346 104 22 salaires,
511 2352 27 14 ce
559 2349 40 22 qui

73 2368 80 19 aurait
173 2373 60 19 pour
254 2369 160 25 conséquence
434 2373 24 18 la
476 2371 123 22 réduction

74 2393 59 19 dans
153 2393 41 20 des
214 2395 150 23 proportions
386 2396 161 24 appréciables
568 2399 31 19 du

73 2418 96 20 nombre
182 2419 128 21 d'ouvriers
322 2419 138 26 émargeant
471 2427 84 16 encore
567 2429 31 15 au

73 2442 71 20 fonds
166 2444 29 20 de
217 2444 120 25 chômage.
357 2446 21 19 Il
399 2448 89 19 semble
509 2453 46 19 que
576 2450 22 19 le

73 2470 105 18 moment
193 2470 74 19 serait
280 2471 55 20 bien
350 2472 73 20 choisi
440 2478 60 18 pour
516 2479 83 19 passer

71 2492 16 20 à
102 2493 157 24 l'application
274 2496 29 19 de
318 2498 117 19 certaines
450 2498 29 20 de
491 2503 40 15 ces
545 2505 44 19 sug-

72 2519 112 23 gestions.
205 2519 20 20 H
249 2521 162 21 conviendrait
434 2528 29 15 en
485 2524 61 20 effet
569 2526 28 19 de

76 2544 102 23 profiter
201 2545 28 19 de
252 2546 24 19 la
298 2547 91 23 reprise
413 2548 40 24 qui
478 2549 118 21 s'affirme

76 2568 60 20 dïns
172 2570 131 20 l'industrie
339 2572 28 20 de
403 2573 196 27 l'ameublement,

72 2594 88 23 quelles
174 2600 46 18 que
236 2597 76 19 soient
326 2597 34 20 les
376 2599 92 19 raisons
486 2600 28 20 de
530 2602 68 19 celle-

73 2621 28 20 cf,
124 2622 60 21 pour
204 2621 79 20 tenter
303 2627 46 15 une
371 2623 137 24 expérience
529 2625 16 20 à
565 2627 24 19 la-

73 2645 76 22 quelle
165 2645 16 21 il
197 2646 106 21 faudrait
318 2652 115 17 renoncer
446 2650 61 20 dans
521 2651 22 20 le
557 2657 41 15 cas

73 2668 33 21 où.
121 2674 33 16 un
172 2671 191 22 ralentissement
381 2674 29 20 de
430 2675 112 21 l'activité
561 2677 27 20 de-

76 2696 63 19 vrait
155 2702 26 14 se
194 2697 111 23 produire
323 2699 27 20 de
367 2705 108 16 nouveau
492 2702 58 22 dans
567 2708 33 15 un

73 2720 83 22 ayenir
169 2721 53 23 plus
237 2727 31 14 ou
285 2723 78 20 moins
377 2725 138 24 rapproché.

100 2752 31 20 Ce
152 2757 44 19 que
217 2754 35 19 les
273 2754 133 23 fabricants
426 2758 111 20 malinois
560 2760 29 19 de-

73 2777 114 20 mandent
203 2779 61 20 n'est
280 2781 69 19 autre
365 2785 45 19 que
427 2783 26 19 la
469 2785 130 19 consolida-

73 2803 110 19 t:t>nodas
194 2804 115 23 positions
324 2807 107 22 acquises
446 2807 16 20 à
475 2809 25 18 la
513 2810 86 20 faveur

73 2826 69 24 de^la.
148 2828 91 24 reprise
251 2831 151 23 enregistrée,
413 2833 55 20 tout
479 2835 121 20 occasion-

74 2852 62 25 neJje
136 2862 12 15 r
147 2853 109 21 soit-elle.

499 2884 31 20 M.
548 2886 30 19 R.

98 2942 60 32 ■UN
182 2942 145 35 CHALUTS
396 2948 166 42 FRANÇAIS

144 2997 46 20 sur
206 2986 26 32 la
249 2988 80 38 plage
345 2990 33 30 de
396 2991 125 38 Nieuport

90 3054 46 22 (De
153 3058 67 19 notre
236 3061 186 22 correspondant
436 3064 149 22 particulier)

344 3092 111 25 Ostende,
473 3094 27 20 26
518 3097 55 19 mai.

99 3119 40 21 '-i\xi
162 3125 69 16 cours
261 3122 29 20 de
319 3128 150 18 manœuvres
495 3127 29 20 de
548 3133 42 15 ren-

74 3144 136 25 flouement,
224 3147 21 20 le
258 3148 61 23 petit
332 3154 154 20 remorqueur
500 3152 32 19 du
545 3154 55 22 port

76 3169 29 20 de
122 3170 116 24 Nieuport
255 3178 16 14 a
289 3178 29 15 eu
336 3179 43 15 son
399 3175 74 21 hélice
494 3177 96 21 immobi-

75 3194 56 21 lisée
144 3200 45 19 par
202 3201 32 15 un
248 3198 53 20 filin
315 3200 25 19 et
352 3200 57 20 s'est
423 3200 88 23 échoué
525 3202 17 20 à
556 3209 43 15 son

75 3220 60 21 tour.
150 3221 45 20 Les
211 3222 134 24 opérations
361 3225 67 21 n'ont
441 3231 34 19 pu
492 3227 50 20 être
560 3234 30 15 en-

76 3245 112 24 treprises
204 3248 104 23 pendant
324 3250 24 19 ïa
364 3251 53 19 nuit
434 3252 28 19 de
479 3254 91 19 samedi
584 3254 16 20 à

75 3270 131 26 dimanche,
225 3273 24 19 la
265 3273 79 20 marée
363 3274 68 22 étant
448 3282 47 18 peu
514 3278 77 24 impor-

77 3296 73 20 tante.
168 3297 33 20 Le
220 3300 57 19 vent
294 3300 110 21 soufflait
423 3302 32 20 du
474 3302 125 23 Nord-Est,

76 3325 28 16 ce
124 3322 42 23 qui
188 3323 75 21 influe
283 3324 133 25 également
437 3333 43 15 sur
500 3328 92 25 l'impor-

76 3348 69 19 tance
160 3348 29 19 de
203 3349 23 19 la
240 3350 85 19 marée.
341 3351 20 19 II
376 3353 37 19 est
427 3353 112 23 probable
554 3359 46 19 que

74 3372 24 21 la,
114 3372 86 21 société
217 3374 149 22 d'assurance
384 3378 170 23 entreprendra
570 3380 28 19 de

76 3398 120 20 renflouer
214 3400 21 19 le
254 3400 116 20 chalutier
388 3402 28 20 de
434 3403 90 24 Dieppe
543 3409 58 15 avec

75 3423 21 19 le
113 3428 114 16 concours
244 3425 31 19 du
294 3426 100 24 pilotage
412 3427 31 20 du
460 3429 55 22 port
534 3429 54 20 d'Os-

73 3448 77 21 tende.
165 3448 80 24 Quant
260 3455 32 15 au
308 3456 151 20 remorqueur
474 3454 41 23 qui
530 3459 16 14 a
561 3454 37 21 été

74 3472 75 26 allégé
167 3479 32 14 au
217 3480 69 15 cours
307 3476 29 20 de
355 3477 24 19 la
397 3477 97 24 journée
514 3479 29 20 de
562 3485 28 14 sa-

74 3499 69 22 medi,
157 3499 16 21 i]
188 3500 36 19 est
237 3501 68 23 quasi
319 3502 92 20 certain
424 3502 57 25 qu'il
496 3509 53 15 sera
564 3510 26 15 re-

74 3523 46 20 mis
135 3522 17 21 à
167 3524 45 20 flot
227 3526 77 19 mardi
320 3531 32 15 au
368 3528 53 22 plus
437 3529 62 19 tard.

643 217 171 64 Petite
872 218 294 71 Chronique

697 337 104 21 Bulletin
817 336 197 25 météorologique
1027 338 32 20 du
1075 339 26 20 26
1116 338 48 21 mal

671 363 32 20 De
713 363 74 19 faibles
798 363 127 23 dépressions
935 362 111 20 s'étendent
1056 363 25 20 de
1093 364 70 20 l'ouest

646 387 24 20 de
687 388 19 19 la
724 386 78 21 France
817 387 94 24 jusqu'en
928 387 73 20 Russie
1019 388 67 20 tandis
1103 389 61 23 qu'un

646 412 125 23 anticyclone
787 412 106 20 maintient
910 418 36 13 son
965 415 67 17 centre
1051 413 24 19 de
1094 414 37 19 773
1133 415 31 9 mm

645 442 27 15 au
690 437 52 19 nord
758 437 25 19 de
801 436 94 21 l'Kcosse.

673 462 58 19 Nous
750 462 109 19 observons
879 467 22 14 ce
921 461 64 20 matin
1006 468 35 14 sur
1060 463 19 19 la
1100 461 55 24 Belgi-

643 492 38 17 que
693 486 35 20 des
740 489 58 17 vents
810 486 92 20 modérés
914 485 25 20 de
951 486 96 24 nord-est,
1059 493 27 13 an
1098 490 64 20 temps

644 510 42 20 très
705 517 95 17 nuageux
818 514 20 16 et
856 510 100 20 brumeux
974 515 20 16 et
1013 512 35 20 des
1065 510 89 24 tempéra-

643 539 56 16 tures
715 536 25 19 de
759 536 33 19 11°
810 535 13 20 à
839 536 41 18 13'.

668 560 74 23 Temps
754 560 93 23 présumé
865 565 6 14 :
885 560 64 20 Vents
960 561 93 20 modérés
1066 560 23 19 de
1101 558 59 21 nord-

642 588 31 16 est
687 585 98 19 devenant
802 584 72 20 faibles
890 587 19 17 et
925 586 105 21 variables.
1046 584 51 20 Très
1112 589 39 13 nua-

641 615 54 16 geux
708 615 49 14 avec
771 609 90 23 périodes
874 609 24 20 de
912 609 51 20 beau
976 614 70 19 temps.
1059 609 101 19 Brumeux

642 634 25 19 le-
676 634 71 20 matin.
764 633 68 20 Faible
850 634 96 20 tendance
964 639 96 18 orageuse
1078 631 82 24 l'après-

643 658 56 20 midi.
721 659 67 19 Doux.

670 683 30 20 La
720 683 137 22 température
883 690 6 13 :
898 693 3 4 ■
912 684 22 19 8*
953 685 14 19 à
988 682 95 22 Londres,
1105 683 22 16 9°
1148 682 13 19 à

643 708 88 21 Madrid,
754 708 33 18 10°
807 708 12 19 à
840 708 56 23 Oslo,
917 707 114 24 Reykjavik
1050 709 19 17 et
1089 706 71 22 Berne,

643 734 33 18 11°
692 734 13 19 à
721 732 96 23 Ostende,
833 733 85 23 Chiinay
933 737 21 16 et
969 732 58 22 Riga,
1043 731 34 19 12°
1093 731 13 19 à
1122 730 28 19 Co-

640 758 109 23 penhague,
762 758 34 18 13°
807 758 12 19 à
833 758 64 22 Paris,
911 757 111 21 Bruxelles,
1035 755 122 21 Stockholm,

640 782 100 21 Lisbonne
755 785 20 16 et
791 782 71 24 Tartu,
881 784 33 18 14°
929 782 13 19 à
959 782 56 20 Brce,
1033 781 33 18 15°
1082 781 12 19 à
1110 779 48 20 Hel-

641 806 96 23 sîngfors,
758 807 79 23 Prague
856 810 20 17 et
895 806 74 21 Berlin,
990 806 34 18 16°
1043 805 13 19 à
1074 804 84 20 Utrecht

641 834 20 17 et
681 831 85 23 Vienne,
788 833 34 18 17°
840 833 13 19 à
873 831 102 22 Budapest
993 833 21 16 et
1034 830 69 23 Rome,
1124 830 34 18 18"

641 857 13 19 à
674 856 69 23 Alger.

821 879 144 22 Observations
969 885 7 13 :

640 905 118 20 Baromètre
898 902 69 22 1014.7
985 903 40 21 mb.
1041 905 21 18 et
1080 903 24 20 76

1377 213 265 36 DIMANCHE,
1666 214 31 30 A
1722 213 326 34 L'EXPOSITION

1244 304 54 66 La
1327 301 108 67 foule
1466 304 43 63 et
1538 300 38 67 le
1607 301 170 78 cortège
1808 300 50 66 de
1888 300 41 66 la
1958 301 243 68 locomotion

639 930 145 23 Température
801 932 111 17 maximum

638 954 259 24 Température'minimum

639 980 107 19 Humidité

640 1005 44 20 Eau
702 1004 101 21 recueillie

639 1029 104 20 Direction
757 1029 27 19 du
799 1030 46 19 vent

639 1054 68 20 Heure
724 1054 24 20 de
762 1053 56 20 soleil

639 1079 61 20 Soleil
721 1085 8 13 :
745 1078 59 21 lever,
821 1078 11 18 3
848 1076 20 21 h.
884 1077 26 19 40

638 1104 57 20 Lune
715 1109 6 13 :
740 1103 59 20 lever,
817 1102 12 18 0
848 1101 19 19 h.
885 1101 24 19 57

638 1129 67 19 Haute
719 1132 42 14 mer
781 1132 6 14 :
804 1125 93 23 Ostende,

1106 924 51 24 fft'l.

1105 952 53 19 12°7.

1081 977 24 19 91
1127 976 30 23 %.

1092 1002 13 18 0
1107 1003 30 9 mm
1138 1002 20 18 0.

1059 1026 96 19 nord-est.

1058 1051 13 19 0
1087 1050 20 20 h.
1124 1051 32 18 30.

939 1075 91 23 coucher,
1048 1076 24 18 19
1088 1075 21 19 h.
1124 1076 31 18 39.

939 1100 92 21 coucher,
1049 1100 22 18 14
1087 1099 20 19 h.
1123 1100 32 18 01.

914 1126 11 18 7
941 1125 19 22 h.
975 1126 25 18 20
1015 1128 19 15 et
1051 1125 23 18 19
1088 1124 20 19 h.
1123 1125 32 18 54.

807 1150 86 22 Anvers,
908 1151 23 18 10
944 1150 20 19 h.
979 1150 23 19 35
1017 1152 19 16 et
1051 1149 24 19 23
1090 1149 19 19 h.
1123 1149 31 19 02.

898 1195 67 19 Dana
982 1194 35 20 les
1034 1193 121 20 consulats

663 1221 29 20 M.
709 1220 73 20 Garcia
799 1219 89 20 Peinado
907 1219 55 22 (Fr.)
981 1225 12 13 a
1009 1219 79 20 obtenu,
1104 1220 13 20 à
1133 1224 23 14 sa

638 1246 102 21 demande,
765 1246 19 18 la
809 1244 108 20 démission
941 1244 109 19 honorable
1075 1243 25 19 de
1124 1249 32 14 ses

636 1270 100 20 fonctions
752 1270 25 20 de
791 1270 69 19 consul
875 1269 24 20 de
915 1269 95 23 Belgique
1025 1268 12 19 à
1052 1268 89 19 Alméria
1149 1274 5 15 ;

663 1295 29 22 M.
714 1295 86 19 Romero
821 1295 83 19 Balmas
927 1294 40 22 (J.)
990 1300 13 13 a
1023 1294 32 19 été
1077 1293 78 19 nommé

634 1320 70 19 consul
724 1320 25 19 de
770 1319 94 23 Belgique
883 1319 13 19 à
916 1318 98 20 Alméria,
1035 1323 48 14 avec
1103 1318 42 23 juri-

635 1345 74 19 diction
724 1350 36 13 sur
774 1344 20 19 la
808 1343 94 24 province
916 1342 118 20 d'Alméria.

662 1369 28 19 M.
707 1369 90 19 Herman
817 1369 46 19 (A.)
882 1374 13 13 a
910 1367 33 21 été
960 1368 78 20 nommé
1055 1368 89 19 vice-con-

634 1395 31 18 sul
681 1394 24 19 de
721 1394 96 22 Belgique
832 1394 12 19 à
861 1393 107 20 Portland;

662 1419 28 19 M.
707 1418 105 20 Anderson
831 1416 85 25 (P.-M.)
933 1424 12 13 a
960 1418 80 22 obtenu,
1056 1417 11 20 à
1084 1423 22 13 sa
1121 1417 24 19 de-

634 1443 78 23 mande,
730 1443 19 19 la
764 1443 109 20 démission
888 1443 107 19 honorable
1011 1442 25 20 de
1050 1448 32 13 ses
1099 1442 46 19 fonc-

635 1468 53 19 tions
705 1468 24 19 de
747 1468 121 19 vice-consul
885 1467 24 19 de
927 1467 96 23 eBlgîque
1040 1467 12 19 à
1071 1466 83 23 Régïna.

661 1493 28 20 Le
704 1492 101 24 Jonkheer
819 1493 19 23 J.
855 1492 38 19 Bas
908 1492 81 19 Backer
1003 1498 13 13 a
1032 1497 47 17 reçu
1094 1491 60 19 l'exe-

635 1520 73 21 quatur
731 1517 113 19 nécessaire
868 1523 51 18 pour
941 1522 82 14 exercer
1045 1519 30 18 les
1099 1516 47 19 fonc-

634 1542 53 20 tions
702 1542 24 20 de
741 1542 70 19 consul
827 1542 35 19 des
879 1541 104 23 Pays-Bas
998 1542 13 19 à
1025 1540 64 22 Gand,
1105 1546 49 13 avec

633 1567 119 23 juridiction
773 1572 35 14 sur
828 1567 20 19 la
868 1566 94 23 province
982 1566 25 20 de
1027 1566 19 19 la
1067 1565 87 20 Flandre

633 1592 103 19 orientale.

778 1642 117 21 Créances
907 1642 110 24 bloquées
1031 1647 31 15 au
1076 1641 76 21 Brésil

659 1668 39 20 Les
717 1668 115 19 détenteurs
850 1668 25 19 de
892 1668 94 19 créances
1003 1670 97 17 couvrant
1118 1667 35 19 des

633 1693 149 19 marchandises
797 1693 125 20 dédbuon*es
936 1699 26 13 au
979 1692 64 19 Brésil
1058 1695 61 16 avant
1135 1692 17 19 le

634 1718 25 19 12
683 1717 78 20 février
785 1718 50 19 1935
860 1720 46 17 sont
929 1717 54 23 priés
1006 1717 25 19 de
1053 1723 22 13 se
1100 1717 52 19 faire

632 1742 105 20 connaître
761 1742 106 23 d'urgence
891 1748 27 13 au
949 1742 137 23 département
1118 1742 34 19 des

631 1767 96 20 Affaires
745 1767 117 23 étrangères
881 1770 20 16 et
921 1767 27 19 du
967 1772 110 14 commerce
1096 1766 46 20 exté-

631 1792 55 19 rieur
704 1791 87 24 (section
807 1792 35 19 des
859 1791 84 20 intérêts
958 1791 67 23 belges
1041 1793 13 19 à
1071 1791 70 19 l'étran-

631 1817 46 22 ger)
703 1822 51 17 pour
774 1819 72 17 autant
867 1816 60 24 qu'ils
948 1816 74 19 n'aient
1044 1822 42 16 pas,
1109 1816 34 23 jus-

630 1841 47 24 qu'à
695 1841 87 23 présent,
800 1841 82 20 adressé
901 1841 53 19 leurs
973 1841 134 19 déclarations
1126 1841 25 19 de

631 1866 85 20 créance
733 1867 13 20 à
763 1872 23 14 ce
804 1865 142 24 département.

768 1911 34 20 Le
818 1911 53 20 XV*
891 1910 104 25 Congrès
1011 1911 31 21 de
1059 1910 91 20 Chimie

875 1935 151 20 Industrielle

658 1961 32 20 Au
711 1967 58 14 cours
791 1960 24 20 de
835 1961 50 19 XV*
914 1961 89 23 Congres
1031 1960 25 20 de
1076 1961 74 19 chimie

629 1986 131 22 industrielle,
779 1986 35 19 des
834 1985 130 20 conférences
975 1991 3 8 '
984 1992 35 13 sur
1039 1985 110 19 différents

629 2011 111 23 problèmes
756 2010 116 20 d'actualité
887 2014 68 16 seront
969 2010 87 20 données
1070 2016 37 17 par
1121 2011 28 18 les

629 2036 44 23 plus
687 2035 97 20 éminents
797 2035 124 23 spécialistes
935 2035 109 23 étrangers.

659 2061 66 19 Outre
747 2066 36 14 ces
808 2060 137 22 conférences,
972 2060 24 19 de
1020 2060 128 19 nombreuses

628 2085 180 19 communications
825 2088 68 17 seront
912 2085 61 20 faites
992 2088 60 19 ayant
1070 2084 49 20 trait
1136 2084 12 19 à

629 2113 66 17 toutes
717 2112 31 19 les
771 2109 98 21 branches
892 2110 24 20 de
939 2109 20 20 la
982 2109 74 20 chimie
1079 2109 60 19 indus-

627 2135 72 19 trielle.

655 2160 70 22 Enfin,
742 2159 34 20 des
793 2160 69 19 visites
877 2159 82 24 guidées
976 2159 35 20 des
1027 2158 120 24 principales

628 2185 69 19 usines
720 2184 26 20 de
770 2184 94 24 Belgique
886 2186 130 21 permettront
1038 2189 42 14 aux
1101 2189 38 14 con-

628 2212 107 20 gressistes
758 2210 105 22 étrangers
886 2210 24 19 de
932 2215 22 13 se
977 2208 71 20 rendre
1069 2211 79 20 compte

628 2234 36 19 des
686 2234 84 24 progrès
791 2234 115 23 techniques
928 2233 82 20 réalisés
1032 2239 37 17 par
1090 2236 57 16 notre

628 2259 104 20 industrie.

766 2304 37 21 An
820 2303 81 21 Cercle
917 2304 65 20 Mars
998 2303 26 21 et
1038 2303 109 19 Mercure

655 2329 29 20 Le
706 2328 69 21 Cercle
797 2329 104 19 industriel
922 2332 20 16 et
963 2328 128 20 commercial
1112 2327 35 20 des

627 2354 136 20 Ex-officiers
775 2357 20 16 et
807 2354 35 19 des
853 2353 94 20 officiers
958 2353 25 20 de
995 2353 80 19 réserve
1088 2359 49 17 orga-

626 2379 44 20 nise
681 2379 19 19 le
710 2378 99 20 mercredi
820 2379 25 19 29
856 2378 40 19 mai
908 2378 101 23 prochain,
1021 2378 13 20 à
1047 2378 24 19 12
1081 2378 20 19 h.
1114 2379 25 18 30

629 2404 49 19 dans
698 2410 33 13 ses
751 2403 74 23 salons,
845 2409 27 13 un
893 2403 97 22 déjeuner
1011 2403 88 19 mensuel
1120 2408 27 13 au

627 2434 58 14 cours
700 2429 73 22 duquel
788 2429 29 19 M.
834 2429 61 22 Dens,
911 2428 100 21 sénateur,
1026 2427 87 24 prendra
1127 2428 19 18 la

628 2454 67 22 parole
712 2459 36 14 sur
765 2453 19 19 le
801 2453 54 23 sujet
878 2459 6 13 :
904 2458 12 13 «
925 2453 29 19 La
971 2452 98 20 nécessité
1088 2452 58 20 d'une

626 2478 77 19 marine
722 2484 50 16 pour
790 2478 19 19 la
829 2477 96 23 Belgique
932 2483 19 14 >.

652 2503 28 19 Le
698 2503 92 19 ministre
808 2502 35 20 des
862 2502 122 23 Transports
1001 2508 13 13 a
1031 2502 32 19 été
1082 2502 62 19 invité

625 2528 14 20 à
654 2531 51 16 cette
721 2527 91 20 réunion.

654 2552 132 23 Inscriptions
811 2559 26 13 au
864 2552 123 21 Secrétariat
1018 2551 27 20 du
1077 2551 69 20 Cercle

626 2577 95 24 jusqu'au
737 2577 26 19 28
779 2577 41 20 mai
837 2578 13 20 à
866 2578 25 18 20
907 2577 78 20 heures.

816 2623 152 20 Mouvement
989 2623 42 20 des
1052 2622 94 19 navires

624 2653 16 19 f
665 2647 37 21 L'«
709 2647 128 20 Anversville
845 2654 11 13 »
870 2654 12 13 a
893 2647 64 24 quitté
969 2647 108 20 Ténériffe
1089 2648 18 19 le
1119 2648 26 18 22

626 2673 41 19 mai
688 2679 52 18 pour
759 2674 87 18 Anvers.
867 2673 28 20 Le
918 2678 12 13 c
938 2672 135 23 Léopoluville
1081 2678 12 13 »
1116 2675 30 17 est

625 2698 69 20 arrivé
709 2699 13 20 à
736 2698 77 19 Matadi
828 2698 19 19 le
862 2698 32 19 22.

652 2723 39 20 Les
709 2723 109 23 paquebots
837 2729 12 12 «
857 2722 127 20 Anversville
991 2728 12 13 »
1023 2725 20 16 et
1062 2727 11 14 «
1081 2721 64 23 Thys-

625 2748 49 19 ville
681 2754 12 12 »
714 2751 69 16 seront
804 2747 165 24 respectivement
990 2753 25 13 en
1036 2747 101 19 communi-

625 2773 67 19 cation
702 2778 37 18 par
749 2773 25 19 T.
785 2773 21 20 S-
818 2772 22 20 F.
851 2778 49 13 avec
913 2772 104 19 Bruexlles
1027 2775 21 16 et
1058 2773 89 18 Anver-s

627 2798 71 22 Radio,
718 2797 76 20 samedi
814 2798 32 19 25.

694 2843 46 19 Les
755 2842 99 20 accords
869 2841 279 25 belgo-luxembourgeols

654 2867 31 20 M.
706 2873 39 13 van
768 2866 88 21 Zeeland
876 2867 96 23 déposera
995 2867 56 19 lundi
1072 2872 36 14 sur
1129 2867 18 18 le

627 2892 76 20 bureau
719 2892 27 19 du
765 2892 62 20 Sénat
844 2897 27 14 un
888 2891 66 23 projet
969 2891 24 20 de
1006 2891 30 19 loi
1053 2891 93 20 ratifiant

630 2917 30 20 les
685 2916 84 20 accords
800 2916 242 24 belgo-luxembourgeois
1075 2916 68 23 signes

627 2941 99 20 mercredi
749 2941 13 20 à
784 2942 111 19 Bruxelles.

654 2967 28 19 Le
701 2966 87 23 premier
807 2966 91 20 ministre
917 2966 109 19 réclamera
1046 2965 99 23 l'urgence

628 2997 50 17 pour
688 2997 23 14 ce
724 2991 65 24 projet
801 2992 73 22 auquel
886 2994 68 16 seront
965 2991 62 23 joints
1041 2991 28 18 les
1080 2993 65 17 textes

628 3016 35 20 des
680 3016 89 20 accords.

83 3590 27 38 A
129 3590 121 40 l'Institut
272 3594 48 37 des
340 3594 63 38 Arts
427 3600 28 33 et
475 3595 111 41 Métiers

243 3649 34 37 de
300 3648 133 40 Bruxelles

92 3726 139 24 'Dimanche
246 3731 77 20 matin
338 3736 16 15 a
370 3737 30 15 eu
416 3732 53 24 lieu,
483 3732 17 21 à
514 3734 75 21 l'Instl

75 3754 42 21 tuf
128 3755 41 20 des
183 3756 57 20 Arts
256 3757 24 19 et
295 3755 97 22 Métiers
410 3758 28 20 de
453 3758 25 20 la
492 3759 60 20 Ville
569 3760 29 20 de

74 3778 125 26 Bruxelles,
216 3782 25 19 la
257 3781 152 21 distribution
425 3783 46 20 des'
482 3784 53 23 prix
551 3789 48 16 aux

75 3803 75 22 élèves
170 3805 28 20 de
219 3806 86 20 l'Ecole
327 3807 28 20 de
376 3808 161 25 typographie.

98 3834 36 22 La
148 3836 84 21 séance
249 3838 36 20 est
299 3838 106 24 présidée
420 3844 45 19 par
479 3840 31 20 M.
526 3841 70 24 Odry,

73 3861 119 24 président
209 3864 31 18 du
258 3863 86 20 comité
362 3864 178 22 administratif.

88 3893 50 21 cAtt
154 3894 90 20 bureau
263 3895 92 24 siègent
374 3896 34 20 les
427 3897 118 21 membres
565 3898 31 20 du

71 3919 87 20 comité
176 3919 174 21 administratif
369 3922 24 18 et
411 3921 31 20 M.
461 3921 83 25 Dewit,
563 3923 23 20 di-

71 3945 94 20 recteur
183 3946 27 18 de
229 3945 92 20 l'Ecole.

90 3973 6 11 l
96 3976 33 20 M.
148 3976 66 25 Odry
232 3978 51 19 met
302 3982 30 15 en
351 3978 83 20 valeur
459 3978 127 26 l'enseigne-

71 4002 67 19 ment
154 4001 29 21 de
197 4002 94 23 l'Ecole,
304 4002 55 24 puis
374 4003 32 20 M.
421 4003 125 25 Proumen,
562 4005 24 19 di-

73 4028 94 19 recteur
186 4027 28 20 de
234 4027 114 20 l'Institut
368 4028 41 20 des
427 4028 57 21 Arts
505 4030 25 19 et
549 4029 38 21 Mé-

74 4052 63 23 tiers,
159 4051 89 21 félicite
270 4053 22 19 le
315 4052 123 26 directeur,
460 4054 32 20 M.
513 4054 84 24 Dewit,

72 4077 40 23 qui
129 4082 31 15 va
173 4076 92 21 bientôt
280 4077 101 24 prendre
398 4083 28 15 sa
441 4079 103 24 retraite,
561 4081 26 19 at-

72 4102 63 22 teint
151 4107 45 19 par
215 4103 24 18 la
257 4103 75 20 limite
352 4102 74 25 d'âge.

82 4127 91 31 "Après
188 4135 35 20 les
239 4135 106 19 discours
360 4136 41 19 eut
416 4135 47 21 Heu
478 4136 25 19 la
519 4136 68 21 distri

72 4158 82 21 bution
173 4159 41 20 des
230 4160 59 23 prix.

99 4191 50 20 Ont
165 4191 88 20 obtenu
270 4193 22 19 le
313 4190 100 25 diplôme
432 4191 28 21 de
478 4192 36 20 fin
533 4193 52 24 d'ap-

71 4216 154 24 prentissage,
252 4217 35 19 les
314 4217 170 23 compositeurs
511 4218 74 20 Borre-

72 4245 75 20 mans,
169 4241 37 20 De
236 4241 71 23 Smet,
335 4241 134 25 Weygantt,
496 4242 99 21 Vanden

72 4266 132 23 Driessche,
223 4266 54 20 Van
295 4266 146 25 Hoebroeck,
460 4268 36 20 De
516 4268 79 21 Greef.

71 4291 139 25 PhiHppart,
228 4291 36 20 De
282 4291 154 25 Myttenaere,
453 4293 80 24 Polen,
550 4294 46 19 De-

74 4316 61 23 neef,
148 4316 79 25 Meny,
241 4317 109 24 Fosselle,
365 4317 122 24 Bogaerts,
502 4318 94 23 Poriau,

75 4342 70 19 Back.

97 4373 40 21 Le-
146 4373 51 24 prix
212 4374 31 19 du
258 4373 81 21 Musée
356 4375 31 20 du
400 4374 76 23 Livre,
491 4375 103 20 attribué

71 4397 18 21 à
95 4405 6 11 ■
108 4397 79 22 l'élève
208 4398 76 21 classé
306 4399 103 23 premier
431 4404 45 19 par
496 4400 22 20 le
539 4401 56 24 jury

71 4423 88 25 chargé
173 4424 28 20 de
216 4424 113 20 l'examen
344 4424 41 20 des
401 4425 100 20 travaux
516 4425 28 20 de
559 4426 36 20 fin

73 4448 206 25 d'apprentissage,
300 4449 38 20 est
359 4448 98 22 décerné
477 4449 16 21 à
512 4451 75 20 Borre-

71 4478 76 17 mans,

96 4506 48 20 Les
162 4506 53 23 prix
233 4505 28 20 de
285 4506 25 19 la
335 4505 117 21 Chambre
476 4507 118 24 syndicale

73 4530 41 20 des
131 4529 257 25 maîtres-imprimeurs
412 4531 30 20 de
466 4532 129 21 Bruxellles

73 4555 55 20 sont
146 4554 111 24 décernés
273 4555 16 21 à
305 4556 36 20 De
359 4556 65 20 Smet
449 4557 24 20 et
495 4557 100 21 Vanden

72 4580 132 21 Driessche.

98 4612 33 20 Le
150 4612 53 24 prix
222 4612 28 20 de
269 4612 25 20 la
318 4612 134 21 Fondation
480 4613 114 25 François

71 4636 89 24 Dewit*
174 4636 103 21 attribué
296 4636 17 21 à
332 4636 85 25 l'élève,
436 4639 159 23 compositeur

73 4666 34 15 ou
112 4671 5 15 :
122 4662 142 24 imprimeur,
283 4663 75 23 ayant
376 4663 88 21 obtenu
481 4664 26 20 la
530 4665 56 20 meil-

73 4686 64 21 leure
149 4688 58 22 cote,
215 4687 59 21 dans
288 4688 34 20 les
336 4693 69 15 cours
419 4689 137 24 techniques
569 4691 26 19 et

72 4711 35 25 1*9
129 4717 68 16 cours
219 4711 119 25 généraux
358 4713 106 24 pendant
483 4715 36 21 les
539 4715 55 24 cinq

73 4737 86 20 années
181 4737 108 23 d'études,
311 4738 37 21 est
367 4738 99 21 décerné
492 4739 16 21 à
527 4740 58 25 Wey-

72 4762 75 24 gantt

97 4793 34 21 Le
147 4794 51 24 prix
213 4793 43 20 du.
260 4799 69 19 corps
345 4795 142 23 professoral
503 4796 38 20 est
557 4796 28 21 dé-

71 4817 70 21 cerné
158 4818 17 20 à
193 4818 53 21 Van
265 4819 146 21 Hoebroeck.

84 4848 118 26 ■Xe-prix
220 4851 28 20 de
265 4850 94 21 l'Union
377 4851 41 21 des
436 4852 96 21 anciens
550 4852 35 22 élè-

73 4879 41 17 ves
127 4876 37 19 est
176 4874 98 22 décerné
286 4875 16 21 à
313 4876 35 20 De
361 4876 78 21 Greef.

99 4907 46 19 Ont
166 4907 84 19 obtenu
270 4908 20 19 le
311 4907 98 24 diplôme
428 4908 30 20 de
477 4908 36 20 fin
533 4909 51 24 d'ap-

72 4931 153 25 prentissage,
243 4932 35 20 les
296 4931 76 22 élèves
391 4933 149 24 imprimeurs
558 4935 36 20 De

71 4956 88 23 Deken,
181 4956 98 23 Woulff,
301 4957 97 24 Gérard,
420 4958 108 24 Knapen,
557 4959 36 20 De

71 4981 123 24 Bosscher,
214 4982 103 24 Daniels,
339 4982 50 24 Ost,
408 4983 54 20 Van
482 4983 111 24 Glabeke,

71 5006 102 25 Winten,
189 5007 54 20 Van
259 5007 55 21 Mol.

97 5038 45 20 Les
164 5038 54 24 prix
239 5038 84 21 fondés
350 5044 46 19 par
423 5040 26 19 la
477 5039 116 22 Chambre

71 5063 119 23 syndicale
211 5063 41 20 des
278 5062 257 26 maîtres-Imprimeurs
563 5066 30 20 de

70 5087 122 22 Bruxelles
213 5088 55 21 sont
289 5088 110 23 décernés
419 5089 17 20 à
456 5089 90 21 Gérard
569 5091 24 20 et

70 5112 108 27 Knapen.

97 5145 31 19 Le
143 5145 51 23 prix
208 5146 28 20 de
249 5145 25 20 la
285 5145 91 20 Société
387 5146 114 24 Linotype
513 5147 80 24 Belge,

71 5169 103 21 attribué
187 5169 16 21 à
215 5169 79 21 l'élève
307 5170 75 21 classé
396 5171 102 23 premier
512 5177 44 19 par
570 5174 22 19 le

70 5194 56 25 jury
144 5194 87 25 chargé
252 5194 28 20 de
298 5195 113 21 l'examen
430 5196 42 20 des
492 5197 102 20 travaux

72 5218 29 21 de
121 5219 37 20 fin
178 5219 206 26 d'apprentissage,
403 5221 37 20 est
460 5220 98 22 décerne
577 5221 14 21 à

72 5244 35 19 De
123 5244 89 21 Deken.

88 5272 43 25 .Le
151 5276 5 4 '
173 5276 54 24 prix
255 5276 62 20 Jean
347 5277 111 23 Dumont,
489 5278 104 21 attribué

72 5300 15 21 à
106 5300 84 22 J'élève
214 5302 157 23 compositeur
401 5307 31 15 ou
454 5302 139 24 imprimeur

72 5325 79 25 ayant'
166 5326 86 20 obtenu
273 5327 24 20 la
318 5327 119 20 meilleure
458 5329 53 19 cote
533 5328 59 21 dans

72 5352 7 17 l
88 5351 115 19 ensemble
228 5351 41 21 des
292 5351 53 25 cinq
370 5351 87 21 années
482 5352 110 25 d'études,

74 5376 37 20 est
126 5375 99 22 accordé
241 5375 17 21 à
272 5376 98 23 Woulff,

79 5417 5 6 •
98 5408 32 19 Le
146 5408 100 24 prlx^du
260 5412 70 20 corps
345 5408 142 24 professoral
503 5409 37 21 est
555 5409 28 20 dé-

74 5431 69 21 cerné
160 5431 16 21 à
194 5433 34 19 De
244 5432 138 23 Bosscher,.
429 5447 4 4 -
462 5432 21 20 .'.
509 5446 10 5 ~
539 5447 23 8 ..

77 5457 59 21 -Le-
150 5457 53 24 prix
220 5457 29 21 de
267 5457 93 21 l'Union
377 5457 42 22 des
436 5458 96 22 anciens
550 5459 34 21 élè-

74 5487 41 15 ves
131 5483 37 20 est
183 5481 97 22 décerné
295 5481 16 22 à
326 5483 104 22 Daniels.

714 3062 36 20 La
760 3061 98 21 mission
870 3062 110 19 militaire
992 3066 30 16 en
1034 3061 111 24 Ethiopie

652 3087 46 20 Une
713 3087 130 20 information
858 3088 25 19 de
897 3093 69 18 presse
980 3090 62 20 ayant
1056 3087 89 19 annoncé

627 3119 38 17 que
683 3113 19 19 le
720 3112 160 20 Gouvernement
897 3113 56 22 belge
970 3112 68 19 aurait
1056 3112 89 20 autorisé

628 3138 28 19 les
679 3138 99 19 membres
802 3138 25 19 de
850 3138 20 19 la
893 3137 85 20 mission
1001 3137 95 20 militaire
1121 3143 23 14 en

628 3162 93 24 Ethiopie
743 3163 13 20 à
778 3162 117 20 renouveler
917 3163 13 19 à
952 3162 48 20 titre
1024 3162 56 23 privé
1102 3162 44 20 leur

625 3190 79 17 contrat
721 3193 49 14 avec
788 3187 19 20 le
825 3188 160 19 Gouvernement
1003 3187 105 22 éthiopien,
1127 3187 17 19 le

627 3212 136 23 département
781 3213 24 19 de
821 3215 21 18 la
861 3212 91 20 Défense
970 3211 107 20 Nationale
1095 3218 50 13 no'is

631 3237 43 23 prie
698 3237 24 20 de
747 3237 44 20 dire
816 3243 39 17 que
880 3240 52 16 cette
958 3236 129 20 information
1114 3240 29 16 est

627 3261 76 21 denuée
717 3262 24 20 de
755 3265 43 17 tout
813 3261 122 20 fondement.

804 3308 36 20 La
858 3307 119 24 réception
992 3308 43 21 des
1051 3307 94 21 Grands

898 3332 118 21 Invalides
1033 3332 73 20 Alliés

653 3358 38 20 Les
710 3358 78 20 Grands
806 3358 102 19 Invalides
927 3356 71 24 Alliés,"
1016 3356 73 22 invites
1108 3363 38 17 par

626 3383 91 20 l'Œuvre
733 3384 35 19 des
784 3383 138 20 Automobiles
935 3389 52 17 pour
1003 3383 101 19 Invalides
1120 3382 24 19 de

626 3414 77 17 guerre,
719 3408 113 20 arriveront
847 3411 45 16 tous
907 3408 12 20 à
933 3408 111 22 Bruxelles,
1061 3407 18 20 le
1094 3413 42 14 mer-

625 3433 55 20 credi
696 3434 25 18 29
737 3433 42 19 mai

652 3458 29 20 La
700 3457 113 24 délégation
834 3457 107 23 française,
960 3457 92 20 conduite
1071 3463 37 18 par
1126 3457 18 20 le

626 3482 81 24 général
724 3483 103 23 Màriaux,
844 3482 90 20 arrivera
950 3483 13 20 à
979 3483 24 19 17
1019 3482 21 23 h,
1057 3483 25 18 32
1097 3484 13 19 à
1124 3482 21 20 la

625 3514 48 17 gare
688 3508 26 19 du
730 3508 59 23 Midi,
805 3514 25 13 en
846 3507 64 20 même
924 3511 64 19 temps
1001 3513 39 18 que
1055 3507 19 19 la
1090 3507 44 20 délé-

627 3533 67 22 gation
719 3533 101 22 italienne,
845 3532 91 20 conduite
960 3539 38 17 par
1021 3533 19 19 le
1064 3531 81 24 général

625 3557 46 24 Uge
687 3557 118 21 Pîzzarello.

652 3581 55 21 Elles
725 3589 23 13 se
767 3582 96 20 rendront
881 3588 25 14 en
923 3582 83 23 cortège
1023 3582 13 19 à
1056 3581 20 19 la
1095 3588 49 17 gare

625 3606 27 20 du
667 3607 59 20 Nord
738 3607 27 20 où
779 3607 20 19 la
815 3607 112 23 délégation
941 3607 96 23 anglaise,
1051 3606 93 20 conduite

624 3638 38 17 par
679 3632 19 20 le
716 3632 110 20 lieutenant
844 3632 81 23 général
946 3631 58 23 Bald,
1022 3631 91 20 arrivera
1131 3632 13 20 à

625 3658 25 18 20
667 3657 21 20 h.
703 3658 43 20 02..

651 3682 28 21 Le
698 3681 119 23 lendemain,
835 3681 56 24 jeudi
911 3682 25 19 30
955 3681 47 22 mai,
1022 3681 29 20 les
1070 3680 74 24 grands

625 3706 97 21 invalides
737 3706 125 23 assisteront,
879 3707 14 19 à
911 3707 22 18 11
951 3707 27 21 h.,
995 3707 13 20 à
1025 3712 39 13 une
1080 3712 64 14 messe

624 3738 27 14 en
674 3731 77 24 l'église
775 3731 123 21 Ste-Gudule
920 3734 20 16 et
970 3731 60 22 iront,
1060 3731 84 22 ensuite,

624 3756 84 24 déposer
721 3756 35 20 des
771 3756 64 20 fleurs
849 3757 12 20 à
876 3756 20 20 la
909 3755 66 21 tombe
988 3756 27 20 du
1029 3756 70 21 Soldat
1113 3756 21 20 in-

624 3787 71 14 connu.

651 3807 28 19 Ils
700 3809 105 20 passeront
825 3806 20 19 la
866 3805 85 25 journée
973 3806 26 19 du
1022 3806 24 19 31
1068 3805 41 20 mai
1131 3805 13 20 à

625 3831 133 23 l'Exposition
781 3831 28 20 où
832 3831 25 20 ils
882 3833 44 17 sont
951 3830 74 20 invités
1056 3836 38 18 par
1124 3830 20 20 le

625 3856 135 23 Groupement
783 3856 35 19 des
842 3856 46 24 plus
913 3855 79 20 Grands
1017 3855 83 20 Mutilés
1123 3858 21 17 et

624 3881 102 20 Invalides
746 3881 25 19 de
792 3880 102 24 Belgique.

649 3905 29 21 Le
700 3905 77 20 samedi
800 3906 34 19 1er
855 3905 44 23 juin
923 3905 25 19 ils
970 3905 125 24 assisteront,
1116 3910 26 15 en

621 3930 119 24 compagnie
756 3930 35 20 des
807 3930 80 20 Grands
903 3930 102 20 Invalides
1021 3929 78 24 Belges,
1116 3935 26 14 au

623 3956 46 23 gala
688 3954 95 25 organisé
804 3961 26 14 au
850 3954 87 21 Théâtre
957 3955 25 20 de
1002 3955 19 19 la
1041 3955 102 19 Monnaie.

649 3981 19 19 A
681 3986 23 14 ce
718 3980 46 24 gala
779 3980 118 19 assisteront
912 3979 29 20 les
953 3979 46 23 plus
1011 3979 72 20 hautes
1097 3985 36 19 per-

622 4005 109 20 sonnalités
746 4004 106 21 militaires
867 4008 19 16 et
901 4004 160 25 diplomatiques.

649 4030 18 19 Il
685 4033 31 17 est
733 4033 72 20 urgent
823 4029 24 20 de
865 4029 75 20 retenir
956 4035 33 14 ses
1007 4029 66 24 places
1091 4035 51 17 pour

623 4061 22 14 ce
666 4055 52 24 gala.
741 4055 94 19 Bureaux
854 4054 25 20 de
900 4054 87 20 location
1014 4060 6 14 :
1042 4054 49 20 chez
1112 4054 30 20 M.

622 4080 68 23 Marx,
710 4080 32 20 32.
761 4085 36 14 rue
815 4079 36 20 des
870 4078 96 24 Fripiers.
985 4078 45 20 Tél.
1051 4080 90 19 11.18.37

622 4108 20 16 et
658 4105 49 22 chez
724 4105 30 19 M.
772 4103 96 24 Bardbul,
885 4109 36 14 rue
938 4104 78 23 Neuve,
1036 4104 43 19 108.
1098 4103 43 20 Tél.

625 4130 95 19 17.38.41.

653 4190 34 38 Le
708 4190 102 38 colonel
832 4190 145 38 Chardome
999 4195 40 33 est
1059 4192 54 36 fêté

660 4261 46 30 par
727 4246 39 38 les
787 4251 108 33 anciens
916 4246 183 42 combattants,

826 4306 16 33 à
864 4300 81 39 Arlon

633 4370 47 22 (De
695 4371 68 19 notre
779 4370 185 23 correspondant
978 4370 149 23 particulier)

915 4395 79 23 Arlon,
1014 4394 27 20 26
1060 4395 54 21 mal.

644 4420 46 20 Les
704 4419 97 21 anciens
816 4419 159 21 combattants
991 4419 94 20 d'Arlon
1099 4421 43 19 ont

622 4444 108 25 organisé
750 4445 123 20 dimanche
893 4445 142 23 après-midi,
1055 4445 59 20 dans
1119 4445 26 20 la

621 4470 58 20 salle
695 4470 29 19 de
741 4470 148 21 l'Extension,
906 4474 45 15 une
966 4469 132 21 cérémonie
1114 4474 30 16 en

618 4495 122 19 l'honneur
755 4495 31 19 du
801 4495 88 19 colonel
906 4495 137 20 Chardome.
1058 4495 33 20 Ils
1105 4496 27 19 of-

619 4519 87 21 frirent
720 4518 15 21 à
750 4520 91 19 celui-ci
855 4520 22 20 le
889 4519 66 24 bijou
969 4521 24 19 et
1006 4521 25 19 la
1044 4521 97 19 cravate

622 4544 28 21 de
671 4545 168 21 commandeur
859 4545 28 19 de
915 4545 90 21 l'Ordre
1032 4545 29 20 de
1086 4544 52 22 Léo-

618 4569 55 24 pold
690 4569 31 20 IL

644 4594 127 24 Beaucoup
793 4594 29 21 de
843 4594 100 20 femmes
971 4596 25 19 et
1024 4594 118 22 d'enfants

617 4619 120 21 d'anciens
755 4619 160 21 combattants
932 4621 210 23 accompagnaient

621 4645 63 22 leurs
703 4644 75 24 époux
796 4645 25 20 et
839 4644 69 24 pères
927 4644 16 20 à
960 4645 63 20 cette
1040 4644 94 21 cérémo-

619 4670 45 22 nie,
681 4669 17 20 à
715 4670 99 23 laquelle
833 4670 78 20 toutes
929 4670 34 20 les
987 4671 154 20 associations

619 4695 155 24 patriotiques
795 4694 89 21 étaient
904 4694 165 24 représentées.

644 4719 76 24 Après
744 4719 145 21 l'assemblée
915 4721 108 20 annuelle
1056 4721 29 20 de
1116 4721 27 20 la

619 4744 27 20 F.
661 4744 30 21 N.
709 4744 31 25 C,
757 4745 22 20 le
795 4745 90 20 colonel
902 4745 131 21 Chardome
1050 4746 39 20 fut
1105 4746 25 20 in-

620 4770 90 19 troduit
733 4770 59 21 dans
814 4770 24 20 la
857 4770 65 20 salle.
943 4770 32 20 M.
1003 4770 139 24 Guillaume,

617 4794 121 25 président
750 4795 28 20 de
791 4795 25 19 la
826 4795 26 21 F.
864 4795 29 20 N.
906 4795 31 25 C,
951 4796 24 20 et
986 4796 32 19 M.
1031 4796 108 24 Thibaut,

618 4819 121 24 président
758 4820 29 20 de
807 4821 24 19 la
851 4820 26 20 F.
896 4820 30 20 N.
945 4820 25 25 L,
989 4821 150 21 adressèrent

617 4849 31 15 au
661 4845 89 20 colonel
766 4846 34 19 les
814 4844 153 24 félicitations
982 4845 41 21 des
1036 4846 103 21 anciens.

642 4869 32 21 Le
695 4870 89 20 colonel
812 4870 131 20 Chardome
972 4870 109 24 répondit
1108 4875 36 17 en"

618 4894 88 22 termes
726 4895 106 20 heureux
859 4895 25 20 et
910 4895 32 20 fit
967 4900 34 15 un
1029 4896 68 24 appel
1124 4896 17 21 à

618 4919 88 20 l'union
723 4920 28 20 de
767 4920 54 21 tous
836 4920 35 20 les
887 4920 91 25 Belges.

644 4944 52 20 Une
730 4944 98 25 saynète
862 4946 132 21 amusante,
1022 4946 110 21 excellem-

617 4970 67 19 ment
701 4969 140 25 interprétée
858 4974 46 20 par
919 4971 41 20 des
977 4971 83 23 jeunes
1077 4972 63 21 filles

617 4993 29 21 de
662 4994 120 21 l'Athénée
797 4995 25 20 et
838 4999 47 17 une
901 4995 66 24 leçon
979 4995 33 21 .de
1030 5001 99 19 gymnas-

619 5019 65 23 tique
696 5024 44 19 par
752 5019 42 21 des
805 5020 83 23 jeunes
900 5020 102 21 athlètes
1015 5021 29 20 de
1056 5021 76 21 l'Athé-

616 5043 43 20 née
675 5044 153 21 terminèrent
845 5045 60 20 cette
920 5044 138 22 cérémonie.

693 5102 387 43 VOYAGES

644 5200 183 28 VOYAGES
846 5202 49 26 DE

644 5242 223 28 PENTECOTE
897 5250 41 21 en
967 5245 139 27 autocar

677 5283 61 20 deux
754 5283 68 24 Jours
839 5294 11 6 -
866 5285 40 21 295
924 5285 31 21 fr.
973 5294 12 7 -
1001 5284 78 23 hôtels

823 5309 103 24 compris

658 5338 223 22 GRAND-DUCHE
902 5350 11 6 -
934 5341 170 20 HOLLANDE

728 5364 170 22 ABDENNES
916 5377 11 6 -
945 5366 81 20 RHIN

701 5403 102 39 Voyages
822 5404 83 37 Joseph
927 5404 113 33 Dumoulin

660 5451 33 24 77,
711 5452 38 20 Bd
771 5452 104 23 Adolphe
896 5453 62 22 Max,
977 5452 122 21 Bruxelles

1214 434 92 20 Jamais
1325 434 21 20 le
1365 434 106 19 mauvais
1491 434 76 23 temps
1586 439 29 15 ne
1632 440 26 14 se
1676 440 26 14 se-

1190 463 46 19 rait
1259 461 65 25 prêté
1346 462 64 20 aussi
1438 462 197 23 opportunément
1665 468 46 14 aux

1188 492 74 22 sujets
1283 491 29 20 de
1331 491 171 20 conversation.
1523 491 20 20 Il
1564 492 37 19 est
1628 496 73 19 cepen-

1189 521 58 18 dant
1262 521 59 19 dans
1337 521 52 18 tout
1405 521 21 18 le
1442 525 57 18 pays
1515 525 32 14 un
1562 521 68 19 autre
1647 521 63 22 sujet

1188 550 28 19 de
1236 550 170 19 conversation.
1425 549 71 19 Votre
1515 549 109 23 coiffeur,
1644 551 66 17 votre

1188 583 35 14 ma
1229 578 88 19 rchand
1338 580 28 19 de
1386 578 126 23 cigarettes
1532 579 25 18 et
1577 578 20 19 le
1617 582 84 19 compa-

1187 611 62 19 gnon
1270 607 29 19 de
1317 606 182 23 compartiment
1519 611 57 15 vous
1597 606 56 19 l'ont
1672 606 28 19 de-

1187 635 100 19 mandé?
1296 640 5 3 -

1212 669 13 14 «
1251 663 64 20 Vous
1337 667 57 15 avez
1422 662 54 23 déjà
1503 662 36 20 été
1561 662 15 20 à
1597 662 111 24 TExposi-

1186 692 64 19 tion?
1273 698 11 12 »

1213 720 59 19 Tout
1290 721 20 19 le
1326 719 83 20 monde
1427 719 36 24 n'y
1478 725 15 14 a
1509 725 41 18 pas
1566 724 83 15 encore
1665 719 43 20 été.

1185 749 60 19 mais
1267 749 91 18 chacun
1379 748 36 19 ira
1434 748 16 19 à
1470 753 26 15 ce
1518 748 116 24 spectacle
1655 753 41 18 per-

1186 778 97 18 manent
1307 777 85 23 auquel
1418 782 45 14 une
1489 777 89 19 dizaine
1603 777 28 18 de
1655 777 41 18 mil-

1185 807 60 18 lions
1261 806 27 19 de
1303 806 84 23 Belges
1403 807 23 19 et
1440 805 144 23 d'étrangers
1599 806 41 18 ont
1654 804 53 24 déjà

1186 836 83 18 retenu
1287 835 50 19 leur
1353 835 73 22 place.

1210 863 32 20 Le
1258 863 123 19 dimanche
1396 868 30 14 on
1443 862 44 20 fait
1501 862 57 20 salle
1573 861 89 20 comble
1678 866 29 15 en

1183 891 103 20 matinée
1308 893 24 18 et
1355 896 28 15 cn
1405 890 75 21 soirée
1502 891 23 19 et
1547 890 28 20 de
1597 891 52 19 tous
1673 891 32 19 les

1184 921 65 18 coins
1268 920 28 19 de
1316 921 22 19 la
1356 920 111 23 Belgique
1485 919 33 19 les
1538 919 74 20 trains
1631 920 23 18 et
1673 919 33 19 les

1185 949 119 19 auto-cars
1328 949 94 19 roulent
1445 952 53 15 vers
1522 947 127 22 Bruxelles,
1674 946 30 20 où

1185 978 53 19 tous
1254 978 33 20 les
1305 977 126 23 tramways
1448 977 23 18 et
1488 977 52 19 tous
1557 976 34 19 les
1607 976 99 18 autobus

1185 1006 92 19 roulent
1294 1010 53 15 vers
1364 1006 21 19 le
1402 1004 92 24 Heysel.

1210 1034 30 19 Ce
1259 1034 123 19 dimanche
1399 1038 83 15 encore
1499 1037 26 15 ce
1543 1033 38 18 fut
1598 1032 23 19 la
1637 1037 60 19 gran-

1183 1062 28 19 de
1231 1063 69 21 foule,
1321 1067 45 14 une
1385 1061 113 20 véritable
1518 1061 63 19 foule
1602 1060 94 20 d'événe-

1184 1092 64 18 ment
1269 1091 111 19 national.
1400 1090 25 19 Si
1445 1094 45 15 une
1511 1090 54 19 telle
1586 1089 118 19 affluence

1183 1125 25 15 se
1226 1120 61 19 dilue
1305 1120 58 19 dans
1381 1119 128 19 l'immense
1528 1118 114 25 domaine,
1659 1118 15 19 il
1691 1123 14 17 y

1183 1149 40 18 eut
1244 1149 51 22 plus
1317 1148 67 19 d'une
1405 1146 59 20 allée
1485 1146 30 20 où
1536 1152 30 14 on
1588 1147 114 18 marchait

1182 1176 54 24 pied
1258 1176 59 19 dans
1339 1175 52 24 pied
1413 1180 90 14 comme
1526 1180 32 14 un
1581 1175 123 19 dimanche

1183 1205 135 23 après-midi
1334 1203 16 20 à
1367 1205 23 18 la
1407 1208 41 15 rue
1465 1203 87 20 Neuve.

1208 1233 20 19 Il
1248 1234 36 19 est
1304 1237 45 19 peu
1368 1232 28 19 de
1416 1232 75 19 foules
1511 1231 64 20 aussi
1595 1231 102 19 diverses

1181 1262 64 19 aussi
1270 1260 131 24 complètes.
1425 1260 37 19 On
1485 1265 16 18 y
1524 1260 123 19 rencontre
1671 1260 33 19 les

1183 1291 98 18 femmes
1296 1289 31 19 du
1342 1288 85 20 monde
1441 1288 15 20 à
1471 1288 51 20 côté
1537 1290 41 19 des
1594 1287 110 24 ménages

1182 1318 110 22 ouvriers,
1309 1318 23 19 la
1347 1317 86 20 société
1450 1317 94 23 cycliste
1561 1317 28 19 de
1605 1316 99 19 Roulers

1180 1346 105 18 croisant
1307 1346 24 18 la
1353 1345 94 19 chorale
1470 1345 28 19 de
1521 1344 136 22 Gembloux,
1682 1344 21 18 le

1179 1372 69 20 lettré
1266 1373 41 23 qui
1328 1375 37 18 est
1385 1378 61 14 venu
1465 1372 51 19 voir
1536 1372 59 19 l'Art
1613 1372 81 18 moder-

1182 1407 29 15 ne
1235 1403 23 19 et
1281 1403 21 18 le
1326 1402 98 19 mécano
1447 1402 39 23 qui
1510 1402 36 19 est
1569 1405 61 15 venu
1653 1401 50 19 voir

1182 1432 33 18 lea
1235 1431 88 19 avions.
1344 1431 32 19 Et
1395 1431 15 19 il
1431 1435 28 15 ne
1479 1430 53 19 faut
1552 1435 42 18 pas
1615 1430 88 19 oublier

1181 1460 33 19 les
1237 1459 100 20 femmes
1359 1460 39 23 qui
1421 1459 77 19 disent
1521 1463 6 15 :
1552 1463 12 14 «
1587 1458 53 22 Moi,
1662 1458 40 23 j'ai

1181 1488 99 19 horreur
1295 1488 28 21 de
1339 1488 23 19 la
1377 1488 63 19 foule
1457 1493 12 13 »
1485 1488 24 18 et
1524 1487 69 23 qu'on
1609 1491 94 15 reverra

1180 1516 124 19 dimanche
1331 1516 114 24 prochain
1471 1516 102 19 trottant
1600 1515 102 19 derrière

1181 1545 51 19 leur
1249 1545 61 22 mari
1329 1545 41 23 qui
1387 1549 16 15 a
1422 1549 45 14 une
1486 1543 139 24 explication
1644 1548 59 19 pour

1180 1573 59 20 tout.

1206 1602 31 19 Le
1255 1601 75 20 matin
1346 1602 52 19 tout
1414 1606 27 15 ce
1457 1600 85 20 monde
1559 1600 72 20 défila
1647 1605 55 15 sous

1179 1634 33 15 un
1233 1631 66 19 soleil
1322 1630 124 20 rassurant
1467 1630 40 22 qui
1529 1629 98 19 donnait
1649 1630 52 22 plus

1180 1658 28 20 de
1224 1659 36 19 vie
1276 1663 46 15 aux
1337 1658 114 24 pavillons
1467 1658 40 19 des
1522 1663 58 18 pays
1595 1657 99 20 méridio-

1180 1692 68 15 naux.
1268 1688 19 18 11
1308 1686 72 20 défila
1399 1687 63 19 aussi
1482 1691 41 14 sur
1543 1687 42 19 des
1604 1687 49 19 airs
1673 1687 27 18 do

1177 1720 42 19 pas
1238 1713 121 21 redoublés
1377 1714 153 24 s'échappant
1548 1714 28 19 de
1595 1714 52 19 tous
1667 1715 33 18 les

1178 1744 81 23 palais.
1282 1744 50 19 Une
1353 1738 167 28 cinquantaine
1544 1743 27 19 de
1601 1743 99 19 sociétés

1179 1773 28 19 de
1225 1773 106 23 musique
1349 1771 173 24 participèrent,
1540 1776 29 15 en
1587 1772 65 22 effet,
1670 1776 30 14 au

1178 1801 95 20 festival
1298 1801 139 23 permanent
1462 1800 40 23 qui
1526 1802 36 18 est
1586 1804 46 15 une
1658 1801 41 19 des

1177 1830 52 23 plus
1252 1829 166 24 gigantesques
1442 1828 163 23 compétitions
1629 1829 60 19 musi-

1177 1858 63 20 cales
1255 1858 39 23 qui
1309 1857 37 19 fut
1361 1857 86 23 jamais
1463 1856 128 24 organisée.

1202 1887 62 19 Leur
1280 1885 106 20 audition
1404 1885 96 23 donnée,
1517 1890 39 15 ces
1574 1885 124 19 musiciens

1177 1920 25 14 se
1218 1914 151 24 répandirent
1384 1914 59 19 dans
1460 1914 33 19 les
1508 1913 72 20 allées
1597 1915 24 18 et
1636 1919 55 14 mon-

1177 1942 90 20 trèrent
1288 1943 67 23 qu'ils
1379 1943 95 19 avaient
1497 1941 54 24 déjà
1573 1943 81 22 appris
1677 1943 22 19 la

1176 1972 95 19 marche
1294 1971 28 19 de
1345 1970 154 24 l'Exposition
1528 1975 31 15 ou
1581 1971 56 19 celle
1667 1971 31 19 du

1176 2000 212 20 Vieux-Bruxelles.
1405 1999 36 19 On
1458 1999 48 24 dut,
1524 2004 27 15 ce
1569 1999 122 19 dimanche

1175 2029 33 19 les
1232 2028 112 20 entendre
1375 2029 111 22 quelques
1516 2028 121 20 centaines
1668 2029 28 20 de

1176 2057 51 19 fois.
1251 2057 44 19 Les
1320 2056 183 24 professionnels
1527 2057 28 19 de
1587 2056 101 23 l'Exposi-

1176 2086 50 19 tion
1244 2090 29 15 en
1291 2085 61 23 sont,
1370 2084 16 20 à
1405 2086 50 19 vrai
1475 2085 55 23 dire,
1549 2085 76 19 moins
1644 2085 44 19 fati

1174 2113 58 24 gués
1245 2118 44 19 que
1305 2114 31 18 du
1350 2114 78 22 poulet
1444 2113 39 20 des
1498 2114 121 23 banquets.

1199 2142 60 20 Vers
1283 2142 60 19 deux
1367 2142 85 19 heures
1480 2147 27 15 ce
1530 2142 40 19 fut
1592 2146 53 15 vers
1674 2142 22 18 le

1171 2170 87 23 Heysel
1279 2174 32 15 un
1333 2170 83 19 nouvel
1439 2170 84 22 afflux,
1546 2171 24 18 et
1591 2170 33 18 les
1644 2174 44 18 gar-

1175 2199 66 21 diens
1257 2199 96 20 eussent
1368 2204 37 20 pu,
1421 2203 90 15 comme
1526 2199 33 19 les
1575 2203 122 15 receveurs

1173 2227 28 20 de
1223 2228 134 23 tramways,
1378 2228 62 19 crier
1462 2233 6 14 :
1492 2232 12 14 «
1525 2227 106 22 Complet
1652 2233 18 13 >.

1198 2255 189 20 Heureusement
1410 2261 55 17 une.
1480 2256 76 23 partie
1580 2255 28 20 de
1632 2256 63 19 cette

1174 2284 63 20 foule
1253 2286 43 22 put
1310 2283 50 21 être
1375 2283 68 21 casée
1460 2289 31 14 au
1506 2284 67 20 stade
1590 2284 32 19 du
1636 2284 52 23 Hey-

1174 2314 41 19 sel.
1233 2313 180 23 Gratuitement,
1431 2313 33 19 lui
1481 2317 16 19 y
1515 2313 38 19 fut
1572 2313 74 19 offert
1665 2318 32 14 un

1173 2342 116 23 spectacle
1310 2341 28 20 de
1361 2342 72 19 haute
1460 2340 87 24 qualité
1576 2341 120 24 physique.

1173 2371 45 19 Les
1235 2371 137 24 gymnastes
1390 2370 127 22 militaires,
1530 2370 84 23 belges,
1633 2370 55 19 fran-

1172 2399 55 23 çais,
1251 2399 131 20 hollandais
1411 2403 16 19 y
1457 2398 162 24 présentèrent
1649 2403 45 15 une

1173 2429 63 18 sorte
1251 2428 28 19 de
1293 2428 71 19 ballet
1378 2427 168 24 parfaitement
1561 2425 69 25 réglé,
1644 2427 52 23 puis

1173 2462 25 14 se
1218 2456 94 23 disputa
1329 2456 23 19 la
1370 2456 95 19 Marche
1483 2455 27 20 de
1528 2454 106 21 l'Armée.
1652 2456 44 19 Les

1172 2485 118 20 meilleurs
1312 2490 12 13 «
1346 2484 101 24 hoplites
1468 2490 12 12 »
1502 2485 28 18 de
1552 2484 92 19 chacun
1667 2484 27 19 de

1172 2519 42 14 nos
1236 2513 127 24 régiments
1383 2518 16 18 y
1418 2514 127 18 coururent
1573 2517 31 14 un
1626 2513 69 19 relais

1173 2542 117 24 palpitant
1309 2542 108 23 jusqu'au
1438 2541 62 23 bout,
1520 2542 24 19 et
1564 2546 26 14 ce
1611 2545 28 15 ne
1661 2542 25 18 fu-

1172 2572 53 18 rent
1247 2575 43 19 pas
1312 2571 130 18 seulement
1465 2571 62 19 leurs
1550 2570 144 22 camarades,

1172 2600 61 19 mais
1251 2600 24 19 la
1291 2599 63 19 foule
1371 2599 52 19 tout
1440 2598 88 20 entière
1546 2598 39 23 qui
1603 2603 25 14 se
1645 2602 42 16 sen-

1172 2629 26 19 tit
1216 2627 89 25 gagnée
1320 2632 44 19 par
1379 2627 88 24 l'esprit
1483 2627 27 19 de
1526 2631 75 19 corps.

1198 2656 32 20 Et
1252 2657 52 23 puis
1326 2656 81 19 tomba
1428 2656 24 19 la
1473 2656 68 23 pluie,
1565 2660 45 15 une
1633 2656 62 23 pluie

1173 2685 77 20 serrée
1266 2685 39 24 qui
1322 2685 139 20 ridiculisait
1478 2685 32 19 les
1529 2685 118 19 fontaines
1665 2685 30 18 du

1171 2714 76 24 grand
1272 2714 78 19 bassin
1375 2712 159 22 elles-mêmes.
1558 2713 45 19 Les
1627 2712 67 20 cafés

1171 2743 82 19 furent
1276 2743 46 19 vite
1345 2742 108 24 combles,
1476 2742 34 19 les
1539 2746 100 19 groupes
1668 2747 26 15 se

1171 2769 124 23 serrèrent,
1315 2770 45 19 tels
1381 2770 40 19 des
1441 2774 97 19 gnomes
1572 2774 55 15 sous
1661 2770 33 18 les

1172 2800 177 23 champignons,
1364 2798 15 20 à
1394 2799 65 19 l'abri
1476 2799 40 20 des
1533 2799 104 23 parasols
1655 2799 40 18 de.^

1173 2828 121 22 terrasses,
1311 2828 23 20 et
1350 2832 30 14 on
1396 2832 29 15 ne
1442 2826 71 20 visita
1529 2827 86 23 jamais
1631 2827 64 18 aussi

1172 2857 151 22 longuement
1347 2856 33 19 les
1404 2856 121 23 pavillons.
1549 2855 60 19 Sauf
1631 2856 53 22 quel-

1171 2888 56 19 ques
1244 2887 133 20 courageux
1394 2884 39 23 qui
1448 2882 164 20 continuèrent
1627 2882 16 20 à
1657 2881 38 25 pé-

1171 2911 111 24 régriner,
1298 2910 90 25 malgré
1405 2912 21 18 le
1442 2911 80 23 soupir
1537 2911 112 23 complice
1666 2911 28 19 de

1172 2941 62 19 leurs
1257 2941 98 19 femmes
1378 2940 57 20 dont
1456 2940 21 19 le
1500 2939 85 20 renard
1607 2940 88 19 sentait

1173 2970 20 19 le
1212 2970 68 19 chien
1294 2968 101 21 mouillé.

1198 2998 20 19 Il
1236 3003 17 18 y
1270 2998 65 19 avait
1352 2998 82 22 certes,
1452 2997 16 20 à
1486 3002 45 15 une
1549 2998 62 23 pluie
1631 2998 64 19 aussi

1172 3031 145 19 vengeresse,
1340 3031 45 15 une
1408 3026 146 23 explication.
1576 3026 46 18 Les
1646 3031 37 14 ma-

1172 3056 45 18 lins
1239 3056 24 18 la
1266 3073 8 10 è
1285 3054 136 20 trouvèrent
1442 3055 48 19 vite
1516 3060 5 14 :
1546 3060 33 15 un
1600 3054 94 24 cortège

1172 3084 78 20 devait
1272 3084 77 20 sortir.
1370 3084 65 19 Nous
1457 3083 75 19 étions
1560 3088 29 15 en
1618 3084 76 23 pleine

1173 3113 86 19 drache
1278 3113 125 19 nationale.

1198 3141 119 20 Personne
1336 3141 131 23 cependant
1485 3146 29 14 ne
1532 3141 83 24 quitta,
1633 3142 24 19 et
1674 3141 21 20 le

1186 3214 36 31 M.
1238 3215 63 31 Max
1318 3226 16 19 a
1352 3216 127 36 inauguré
1496 3214 25 31 le
1540 3214 134 38 Royaume

1342 3257 46 32 des
1407 3257 111 31 Enfants

1192 3307 129 19 Dimanche
1339 3306 82 23 matin,
1439 3313 16 13 a
1472 3312 29 14 eu
1520 3306 46 19 lieu
1583 3305 103 25 l'inaugu-

1167 3332 77 19 ration
1268 3332 32 19 du
1323 3332 121 23 Royaume
1466 3332 42 19 des
1539 3331 110 22 Enfants,
1673 3332 22 18 la

1166 3361 99 19 nursery
1284 3356 95 23 modèle,
1401 3355 126 24 aménagée
1548 3356 16 20 à
1584 3356 101 23 l'Exposi-

1167 3381 49 20 tion
1234 3382 29 19 de
1283 3381 127 20 Bruxelles.

1191 3406 51 19 Une
1261 3406 130 19 assistance
1408 3405 87 20 choisie
1514 3405 129 24 emplissait
1661 3410 33 15 res

1165 3430 91 24 jardins
1273 3431 23 19 et
1313 3432 21 20 le
1351 3431 106 24 pelouses
1473 3433 40 21 qui
1531 3431 124 19 entourent
1673 3430 20 19 le

1166 3457 84 22 coquet
1267 3456 103 24 pavillon
1388 3455 93 20 réservé
1499 3461 46 14 aux
1562 3454 76 21 bébés.

1191 3481 81 19 Parmi
1290 3481 34 19 les
1343 3480 177 25 personnalités,
1539 3480 75 20 citons
1635 3486 6 14 :
1663 3479 30 20 M.

1165 3506 62 22 Max,
1244 3506 162 23 bourgmestre
1424 3506 28 19 de
1471 3505 129 24 Bruxelles;
1619 3506 22 18 le
1660 3510 25 14 se-

1165 3529 100 21 crétaire
1279 3530 94 24 général
1386 3532 29 19 de
1428 3529 153 24 l'Exposition
1593 3530 25 19 et
1631 3530 62 20 Mme

1165 3555 88 22 Fonck,
1275 3555 156 20 l'animatrice
1454 3556 31 19 du
1508 3556 121 23 Royaume
1652 3555 41 19 des

1165 3580 113 24 Enfants;
1293 3580 22 22 le
1330 3579 112 22 sénateur
1457 3580 113 23 François
1585 3581 24 19 et
1623 3580 21 19 le
1658 3580 35 19 Dr

1165 3605 65 20 Lust.

1190 3630 32 21 Le
1239 3628 126 21 secrétaire
1383 3629 95 25 général
1495 3630 28 19 de
1540 3629 152 23 l'Exposition

1165 3653 110 25 présenta
1290 3655 22 19 le
1329 3661 11 13 c
1357 3655 132 20 dernier-né
1506 3660 11 13 »
1535 3654 29 20 de
1582 3654 102 23 l'Exposi-

1166 3679 57 22 tion,

1190 3704 33 20 Le
1241 3705 121 24 Royaume
1381 3705 42 20 des
1443 3704 103 20 Enfants
1565 3705 127 23 comprend

1165 3733 46 15 une
1229 3729 108 24 garderie
1354 3729 126 22 d'enfants,
1499 3733 34 17 un.
1551 3728 92 21 théâtre
1663 3729 29 19 de

1165 3754 175 20 marionnettes,
1375 3759 33 15 un
1443 3752 98 25 cinéma,
1564 3759 45 15 une
1631 3755 61 25 piste

1165 3783 59 19 pour
1242 3777 153 24 trottinettes,
1416 3783 47 15 une
1482 3779 69 23 plage
1572 3779 29 19 de
1620 3779 72 22 sable,

1164 3803 42 21 des
1221 3804 61 23 jeux,
1297 3804 41 21 des
1351 3804 108 24 pelouses
1475 3804 24 19 et
1512 3804 41 20 des
1570 3804 69 20 abris.

1190 3828 32 20 Le
1238 3827 126 23 secrétaire
1381 3828 95 25 général
1493 3829 29 19 de
1539 3829 152 23 l'Exposition

1164 3854 114 20 remercia
1296 3853 90 20 ensuite
1402 3855 34 18 les
1453 3853 184 22 collaborateurs
1651 3854 41 23 qui

1164 3879 42 19 ont
1222 3878 102 24 dépensé
1339 3878 52 19 leur
1406 3878 76 19 talent
1498 3879 25 19 et
1538 3879 52 19 leur
1604 3879 88 19 savoir-

1164 3902 61 20 faire
1240 3908 6 15 :
1262 3903 57 20 MM.
1331 3904 125 23 Buyssens,
1470 3903 41 24 qui
1523 3904 31 20 fit
1565 3904 79 24 surgir
1658 3905 34 19 lee

1163 3927 87 23 arbres,
1266 3928 34 20 les
1316 3928 92 24 plantes
1424 3929 24 20 et
1461 3928 34 21 les
1510 3928 84 25 fleurs;
1611 3929 81 19 Putte-

1164 3957 68 15 mans
1249 3952 26 22 et
1291 3953 53 20 Van
1360 3953 74 22 Neck,
1451 3952 16 20 à
1482 3954 41 23 qui
1539 3953 46 20 l'on
1601 3953 50 20 doit
1670 3954 21 19 le

1162 3976 117 21 bâtiment
1293 3978 28 19 de
1333 3977 23 21 la
1367 3981 109 20 nursery;
1490 3979 27 19 P.
1528 3978 61 20 Celis
1628 3977 55 25 ingé-

1164 4001 52 20 nier
1234 4007 29 15 en
1283 4002 61 24 chef,
1363 4004 40 22 qui
1422 4002 118 20 conduisit
1558 4003 134 20 l'ensemble

1163 4026 41 20 des
1219 4027 109 23 travaux;
1345 4028 27 19 O.
1387 4028 102 20 Gossens
1504 4028 25 20 et
1542 4028 22 19 le
1578 4029 35 19 Dr
1626 4028 65 23 Lust,

1164 4051 40 24 qui
1223 4052 121 20 assument
1364 4052 175 24 l'organisation
1559 4053 41 21 des
1620 4052 62 20 servi-

1164 4081 39 16 ces
1216 4077 30 19 de
1261 4078 25 19 la
1299 4081 108 20 nursery;
1424 4078 87 20 Marcel
1528 4077 108 27 Antoine,
1650 4079 40 23 qui

1164 4101 94 21 dessina
1271 4106 57 15 avec
1341 4102 102 20 humour
1456 4102 24 21 la
1493 4102 135 20 décoration
1642 4107 41 15 mu-

1164 4127 50 18 rale
1231 4127 29 19 de
1276 4127 25 20 la
1317 4131 106 20 nursery.

1189 4152 31 18 M.
1233 4152 57 19 Max
1300 4150 95 23 déclara
1406 4152 91 20 ensuite
1509 4157 45 19 que
1565 4153 22 19 le
1599 4153 83 24 Royau

1162 4180 38 17 me
1215 4176 41 19 des
1268 4176 103 23 Enfants
1385 4178 37 19 est
1432 4182 47 15 une
1491 4177 43 20 des
1545 4176 146 25 originalités

1162 4200 35 20 les
1214 4201 54 24 plus
1288 4201 149 22 charmantes
1457 4202 30 19 de
1506 4201 151 24 l'Exposition

1188 4235 28 4 —
1235 4226 37 19 On
1292 4231 16 15 a
1327 4226 54 19 tant
1400 4226 45 20 fait
1464 4231 61 19 pour
1543 4232 95 15 amuser
1656 4228 34 19 les

1162 4251 88 24 grands
1265 4251 102 22 enfants,
1381 4251 30 20 fit
1423 4256 137 19 remarquer
1573 4252 22 19 le
1607 4252 75 23 bourg-

1162 4275 87 19 mestre
1263 4276 30 19 de
1306 4276 127 20 Bruxelles.
1446 4277 20 19 U
1481 4276 59 21 était
1554 4276 59 21 donc
1627 4276 63 24 juste

1163 4300 28 19 de
1205 4304 85 20 penser
1301 4301 65 19 aussi
1378 4306 46 16 aux
1436 4300 77 25 petits.

1187 4331 75 25 Après
1275 4332 63 22 cetto
1351 4332 134 23 allocution,
1498 4332 145 21 l'assistance
1658 4333 26 20 vi.

1163 4355 47 22 slta
1226 4357 25 20 la
1268 4361 99 20 nursery
1387 4357 96 21 modèle.
1502 4358 47 19 Des
1568 4357 70 22 bébés
1656 4358 34 24 s'y

1163 4380 133 22 trouvaient
1314 4381 55 24 déjà
1389 4387 6 15 :
1417 4383 33 19 les
1468 4387 45 15 uns
1531 4383 112 20 faisaient
1661 4384 28 19 de

1157 4406 81 26 ;beaux
1250 4406 66 21 rêves
1328 4408 59 19 dans
1398 4408 35 18 les
1445 4407 72 21 uetits
1530 4408 39 19 lits
1583 4409 40 23 qui
1635 4409 55 21 sont

1162 4431 44 21 mis
1220 4430 16 21 à
1250 4432 52 19 leur
1313 4431 146 24 disposition,
1474 4432 79 20 tandis
1566 4437 46 19 que
1627 4433 54 19 d'au-

1161 4455 49 21 tres
1226 4455 153 21 s'amusaient
1393 4461 58 15 avec
1466 4458 35 19 les
1516 4458 78 23 jouets
1610 4462 70 15 amon-

1163 4479 60 21 celés
1243 4480 59 20 dans
1322 4481 23 21 la
1363 4481 60 22 salle
1441 4482 30 19 de
1491 4482 62 23 jeux.

1186 4505 45 19 Les
1247 4505 84 20 Invités
1346 4506 73 20 firent
1436 4507 90 19 ensuite
1542 4507 21 19 le
1579 4507 55 21 tour
1648 4508 40 19 des

1161 4530 90 23 jardins
1265 4535 60 21 pour
1336 4531 91 20 arriver
1438 4536 32 15 au
1482 4530 92 21 théâtre
1587 4533 41 19 des
1641 4536 39 15 ma-

1161 4554 129 23 rionnettes
1306 4556 59 20 dont
1380 4555 31 20 M.
1428 4556 107 20 Cuveller
1552 4561 54 16 sera
1623 4557 57 19 l'ani-

1161 4579 99 23 mateur,
1279 4581 25 19 et
1323 4579 30 21 où
1372 4581 31 19 M.
1423 4580 118 21 Péruchet
1558 4580 131 25 présentait

1160 4609 39 15 ses
1216 4605 96 24 pantins
1328 4604 98 26 animés.

1187 4628 34 22 La
1234 4629 94 25 plupart
1342 4630 41 21 des
1397 4630 84 22 invités
1496 4631 95 20 avalent
1606 4632 83 20 amené

1166 4654 62 20 leuTs
1255 4654 101 24 enfants,
1381 4655 61 21 mais
1466 4660 31 16 on
1521 4661 31 14 ne
1574 4656 50 20 sait
1645 4656 44 24 (qui

1162 4679 102 20 s'amuaa
1282 4679 22 20 le
1322 4680 60 23 plus,
1401 4680 43 20 dee
1475 4680 72 24 petits
1578 4686 31 15 ou
1647 4682 41 19 des

1161 4704 94 23 grands.

1737 429 42 20 ciel
1796 428 86 20 vaincu
1898 431 117 20 consentit
2029 430 16 20 à
2060 428 100 25 prendre
2177 433 32 15 un
2225 430 23 19 vi-

1733 460 56 19 sage
1810 456 53 24 plus
1884 459 103 18 avenant
2006 459 23 19 et
2046 457 17 20 à
2081 456 84 20 laisser
2183 456 73 20 sortir

1736 485 20 18 le
1772 484 101 24 cortège.

1761 512 32 19 Ce
1817 512 94 24 cortège
1937 512 115 26 évoquait,
2082 518 31 14 on
2143 513 23 20 le
2196 514 55 22 sait,

1734 541 111 19 l'histoire
1864 541 53 19 d'un
1937 542 68 21 siècle
2023 545 28 19 de
2070 541 146 21 locomotion.
2235 543 19 18 Il

1735 569 36 19 fut
1793 569 89 23 réalisé,
1904 574 46 15 non
1979 570 128 22 seulement
2136 575 57 14 aveo
2221 575 32 14 un

1733 598 64 19 souci
1816 597 89 24 parfait
1923 598 27 20 de
1969 597 23 23 là
2011 598 177 22 reconstitution
2207 599 38 18 his-

1735 627 96 22 torique,
1851 627 60 19 mais
1931 629 63 19 aussi
2014 632 56 16 avec
2090 632 31 14 un
2141 632 55 14 sens
2222 627 31 19 du

1733 656 142 22 pittoresque
1892 655 38 23 qui
1947 657 51 19 font
2013 658 106 19 honneur
2134 654 15 20 à
2165 660 37 14 ses
2218 660 27 14 or-

1732 684 155 23 ganisateurs.
1906 684 92 21 Ceux-ci
2017 689 57 16 nous
2092 683 162 24 présentèrent

1733 712 27 18 de
1774 712 70 19 belles
1856 711 81 21 scènes
1952 714 27 19 de
1993 718 68 16 revue
2073 711 15 20 à
2100 712 75 24 grand
2189 717 54 18 spec-

1733 741 60 19 tacle
1812 741 54 18 d'un
1883 742 119 21 caractère
2021 742 50 21 tout
2087 740 16 20 à
2121 741 46 19 fait
2184 741 59 22 origi-

1735 769 44 19 nal.

1755 803 45 20 Les
1822 803 140 24 gendarmes
1985 811 31 14 au
2038 804 87 20 bonnet
2146 802 16 21 à
2184 804 66 23 poils,

1731 831 101 20 élément
1850 831 116 20 décoratif
1981 832 170 25 indispensable
2168 831 16 21 à
2200 833 51 18 tout

1730 860 100 23 cortège,
1847 860 123 21 ouvraient
1986 863 23 19 la
2025 860 102 22 marche.

1757 888 31 20 Et
1811 889 52 23 puis
1885 889 59 19 voici
1967 895 44 15 une
2033 890 121 20 évocation
2177 889 28 19 de
2228 890 23 18 la

1730 917 139 19 locomotion
1906 918 114 24 publique.
2050 918 200 19 Successivement

1732 945 97 20 défilent
1849 951 45 13 une
1915 946 116 24 déligence
2051 947 83 19 datant
2154 947 97 19 authen-

1730 974 130 23 tiquement
1891 976 27 19 de
1950 976 56 23 1850,
2037 979 31 17 un
2097 974 92 20 chariot
2220 976 29 18 de

1731 1003 141 23 messagerie
1892 1003 39 22 qui
1951 1010 11 12 «
1982 1004 67 20 brûla
2067 1009 12 13 »
2100 1003 149 23 longuement

1731 1032 20 18 le
1768 1031 57 23 pavé
1842 1032 31 18 du
1889 1032 43 18 Roi
1949 1034 64 19 entre
2029 1032 119 20 Bruxelles
2164 1033 24 18 et
2204 1033 37 19 Na-

1729 1065 59 17 mur,
1810 1065 45 14 une
1875 1060 111 23 vigilante
2007 1063 27 19 de
2053 1060 51 20 1900
2124 1062 24 17 et
2169 1065 31 14 un
2221 1062 27 19 de

1729 1093 39 15 ces
1790 1090 127 21 tramways
1939 1089 15 19 à
1976 1091 104 19 chevaux
2102 1088 57 19 dont
2181 1090 59 19 beau-

1729 1122 59 18 coup
1808 1117 28 19 de
1856 1122 42 15 nos
1917 1119 148 23 concitoyens
2091 1122 25 14 se
2143 1119 95 18 souvien-

1730 1147 55 18 nent
1801 1150 90 15 encore.

1755 1173 61 19 Tous
1834 1178 38 14 ces
1890 1172 115 23 véhicules
2023 1175 52 20 sont
2093 1173 107 20 conduits
2219 1180 30 14 ou

1729 1203 41 18 ont
1784 1206 89 14 comme
1889 1204 128 21 occupants
2033 1204 39 19 des
2087 1202 118 23 figurants
2221 1208 26 14 en

1728 1231 104 19 costume
1856 1229 109 24 d'époque
1988 1230 193 21 admirablement
2204 1232 34 22 gri-

1730 1257 49 20 més
1797 1259 24 19 et
1839 1259 70 19 sortis
1927 1260 51 18 tout
1998 1261 91 18 vivants
2108 1259 54 18 d'un
2182 1261 67 18 autre

1729 1287 209 19 Vieux-Bruxelles.
1958 1288 46 21 Des
2024 1288 106 20 fanfares
2150 1292 29 13 en
2200 1292 40 15 cos-

1728 1316 63 19 tume
1814 1315 110 23 d'époque
1947 1315 130 24 également
2097 1315 105 19 animent
2225 1316 24 19 la

1729 1344 95 19 marche
1844 1344 31 19 du
1895 1344 98 23 cortège.

1754 1372 102 22 Celui-ci,
1877 1374 52 22 trop
1950 1374 103 20 modeste
2073 1378 28 14 en
2122 1377 42 15 son
2186 1372 55 20 titre

1728 1400 110 24 n'évoque
1863 1406 42 18 pas
1928 1403 129 19 seulement
2081 1401 111 20 l'histoire
2218 1400 28 20 de

1728 1430 21 18 la
1767 1430 146 21 locomotion,
1930 1431 59 19 niais
2006 1431 63 19 aussi
2085 1430 57 19 celle
2160 1429 28 18 de
2207 1434 41 14 nos

1729 1457 127 24 régiments
1876 1458 68 23 qu'on
1966 1460 47 19 voit
2034 1459 82 20 défiler
2136 1462 29 16 en
2186 1458 62 19 leurs

1728 1487 129 18 uniformes
1878 1488 27 18 de
1925 1486 67 23 jadis.

1753 1522 37 19 On
1806 1527 59 14 nous
1882 1526 15 14 a
1912 1522 91 20 montré
2020 1524 23 19 la
2060 1522 119 23 diligence.
2196 1521 53 19 Vol-

1727 1550 21 19 ci
1765 1551 24 18 la
1804 1550 123 19 naissance
1944 1551 30 18 du
1990 1551 101 24 progrès.
2107 1550 65 19 Nous
2189 1554 49 15 som-

1727 1583 49 15 mes
1791 1584 29 14 en
1837 1578 51 19 1835
1904 1580 23 17 et
1942 1579 23 19 la
1981 1579 112 23 première
2110 1578 137 19 locomotive

1726 1607 132 20 s'essouffle
1873 1612 41 14 sur
1929 1607 23 19 la
1967 1609 49 19 voie
2032 1609 28 18 de
2076 1607 104 19 Malines.
2197 1607 51 18 EII2

1724 1641 16 14 a
1762 1635 37 22 été
1822 1636 155 20 reconstituée
2001 1638 28 18 ici
2053 1642 28 15 en
2106 1641 44 14 une
2175 1636 70 19 fidèle

1726 1665 118 22 maquette
1863 1665 161 22 qu'entourent
2042 1666 33 19 les
2094 1665 117 23 pompiers
2219 1664 28 19 de

1725 1694 126 21 Bruxelles,
1874 1696 22 18 la
1918 1694 105 23 musique
2052 1694 27 19 de
2107 1694 23 18 la
2151 1693 94 19 Grande

1726 1722 134 21 Harmonie,
1879 1722 40 19 des
1936 1728 12 12 «
1965 1722 132 20 notabilités
2115 1727 18 14 ».

1751 1750 124 19 Revenons
1892 1749 14 20 à
1923 1751 23 18 la
1961 1751 137 19 locomotion
2115 1749 84 24 privée.
2216 1750 31 18 Et

1724 1779 56 19 c'est
1798 1784 30 14 un
1846 1778 114 20 étonnant
1977 1779 68 20 défilé
2064 1779 27 19 de
2108 1779 92 19 chaises
2217 1779 28 18 de

1725 1808 72 22 poste,
1823 1807 27 19 de
1876 1807 114 23 calèches,
2015 1809 27 18 de
2067 1806 122 25 phaétons,
2215 1808 28 18 de

1725 1836 91 19 breaks.
1834 1834 34 25 Ça
1887 1840 28 14 va
1931 1836 91 23 jusqu'à
2039 1837 22 18 la
2077 1836 89 19 voiture
2185 1835 51 19 d'en-

1726 1864 59 19 fant.

1750 1899 73 23 Après
1841 1900 62 18 cette
1921 1898 119 21 évocation
2057 1900 138 18 charmante
2214 1899 31 19 du

1725 1933 11 13 c
1754 1927 44 19 bon
1817 1928 67 19 vieux
1902 1929 76 21 temps
1995 1934 11 12 >
2007 1947 5 7 7
2029 1928 56 19 c'est
2103 1933 45 14 une
2165 1927 71 20 évoca-

1724 1956 49 19 tion
1792 1957 64 18 toute
1874 1955 132 23 différente,
2025 1957 56 19 celle
2100 1957 28 18 de
2146 1957 23 18 la
2186 1957 50 18 loco-

1723 1984 87 20 motion
1837 1985 116 19 militaire.
1984 1985 35 19 On
2050 1985 74 19 sourit
2149 1985 95 19 d'abord

1723 2018 30 15 au
1769 2019 99 18 passage
1885 2014 28 19 de
1929 2014 23 18 la
1968 2013 133 22 cantinière,
2118 2018 30 14 on
2165 2018 70 15 recon-

1723 2041 50 20 naît
1790 2043 91 18 ensuite
1899 2042 151 20 l'ambulance
2067 2043 27 18 de
2113 2042 50 19 1914
2180 2044 24 17 et
2222 2043 20 19 la

1722 2071 152 19 mitrailleuse
1896 2071 40 19 des
1956 2071 142 19 carabiniers
2120 2070 58 20 tirée
2200 2076 44 18 par

1723 2100 40 19 des
1783 2100 87 19 chiens.
1891 2100 20 18 A
1931 2104 39 15 ces
1991 2101 86 23 images
2099 2100 54 18 d'un
2175 2099 68 24 pass,é

1723 2127 79 20 récent
1818 2129 104 22 s'oppose
1940 2129 22 18 la
1979 2128 89 20 brutale
2085 2128 73 19 vision
2176 2128 67 19 d'une

1721 2156 63 24 pièce
1805 2156 134 20 d'artillerie
1962 2156 128 21 motorisée.

1747 2192 35 19 La
1799 2192 76 23 partie
1894 2192 23 19 la
1934 2192 52 23 plus
2003 2191 82 25 goûtée
2103 2192 28 19 de
2147 2197 27 14 ce
2193 2197 40 14 cor-

1722 2220 51 24 tège
1797 2222 42 19 est.
1862 2225 55 15 sans
1941 2221 74 22 doute,
2038 2221 56 19 celle
2117 2220 125 20 consacrée

1721 2249 63 19 alors
1805 2249 15 19 à
1842 2250 23 18 la
1888 2250 138 19 locomotion
2055 2248 126 24 populaire.
2211 2249 31 19 Ce

1721 2278 59 19 n'est
1798 2277 75 20 même
1893 2278 51 23 plus
1964 2282 43 15 une
2027 2277 171 23 rétrospective,
2219 2279 24 18 et

1721 2311 28 14 on
1771 2306 118 20 s'esclaffe
1910 2306 86 20 devant
2015 2307 21 20 le
2056 2306 115 24 classique
2194 2307 39 18 lan-

1722 2335 46 19 dau
1791 2335 41 20 des
1854 2340 70 15 noces
1947 2335 54 23 d'or,
2023 2335 86 20 devant
2131 2336 23 18 la
2176 2335 58 19 char-

1720 2364 60 19 rette
1809 2363 15 20 à
1846 2364 55 19 bras
1924 2364 28 19 de
1989 2364 23 19 la
2039 2364 144 19 marchande
2213 2364 28 19 de

1720 2398 11 13 «
1754 2392 71 20 scholl
1829 2398 23 15 es
1877 2398 17 16 »,
1918 2392 86 20 devant
2027 2392 97 19 l'atelier
2148 2393 93 18 roulant

1724 2421 30 20 du
1774 2421 137 20 remouleur.

1746 2449 51 20 Une
1818 2449 101 19 fraction
1939 2449 140 23 importante
2100 2449 27 20 de
2148 2450 38 18 cet
2205 2454 29 15 en-

1719 2478 88 20 semble
1823 2479 36 18 est
1873 2477 124 20 consacrée
2014 2482 82 15 encore
2111 2477 16 20 à
2142 2478 24 19 la
2181 2478 52 23 bicy-

1719 2507 76 19 clette.
1815 2505 35 25 Ça
1870 2511 133 15 commence
2022 2505 17 20 à
2058 2506 24 19 la
2102 2506 139 22 draisienne,

1721 2540 67 18 passe
1804 2540 44 18 par
1864 2536 21 18 le
1902 2535 101 23 tandem,
2020 2540 30 14 va
2064 2535 109 23 jusqu'au
2189 2540 43 14 cou-

1723 2568 54 15 reur
1793 2564 102 24 cycliste,
1914 2563 75 20 émule
2006 2563 28 20 de
2050 2563 35 20 De
2103 2563 93 21 Caluwe
2214 2569 29 14 ou

1718 2592 86 23 Rebry,
1819 2597 56 14 sans
1889 2592 90 19 oublier
1993 2595 21 18 le
2027 2597 88 19 groupe
2131 2593 118 24 reconstS,

1719 2620 39 21 tué
1772 2621 40 20 des
1825 2627 12 12 «
1850 2620 95 20 Diables
1958 2621 70 19 Noirs
2040 2626 19 14 ».

1744 2649 33 20 Le
1801 2650 120 19 contraste
1945 2650 66 20 entre
2034 2649 21 20 le
2079 2648 69 25 passé
2172 2650 23 19 et
2219 2650 21 19 le

1721 2677 95 24 présent
1831 2678 27 20 de
1872 2678 23 19 la
1908 2678 139 19 locomotion
2060 2678 116 20 s'affirme
2192 2678 51 23 plus

1720 2707 114 23 frappant
1855 2711 84 15 encore
1963 2706 58 21 dans
2044 2706 23 19 la
2090 2706 76 23 partie
2188 2711 44 15 con-

1722 2734 79 21 sacrée
1821 2735 15 19 à
1855 2735 162 20 l'automobile.
2037 2734 36 20 On
2093 2740 16 18 y
2129 2736 114 20 retrouve,

1717 2769 57 14 avec
1796 2769 32 14 un
1850 2764 90 19 sourire
1962 2763 150 24 dédaigneux,
2134 2764 34 19 les
2190 2769 40 18 pre-

1719 2792 85 20 mières
1827 2793 69 19 autos
1921 2791 107 24 traînées,
2053 2791 54 21 bien
2131 2792 109 22 entendu,

1721 2825 43 19 par
1783 2826 32 14 un
1833 2821 91 22 cheval;
1946 2826 31 14 on
1994 2826 16 19 y
2027 2820 91 20 admire
2138 2821 34 19 les
2192 2825 39 14 ma-

1720 2849 80 19 chines
1824 2849 131 22 modernes,
1979 2848 77 20 racées
2081 2853 91 14 comme
2197 2849 41 19 des

1722 2881 45 19 pur
1783 2882 65 18 sang.
2002 2891 4 12 (
2019 2887 18 11 ,.

1745 2912 47 22 Des
1812 2912 117 23 figurants
1949 2911 107 20 animent
2074 2913 52 18 tous
2145 2916 39 15 ces
2204 2912 25 19 ta-

1721 2941 85 19 bleaux
1822 2941 28 21 et,
1867 2945 55 16 sous
1940 2941 23 19 la
1978 2940 114 21 direction
2109 2940 28 20 de
2153 2940 31 20 M.
2201 2940 28 20 Ja-

1720 2974 50 15 mes
1787 2969 98 21 Thirfsr,
1903 2969 52 19 font
1972 2969 28 19 de
2016 2972 27 17 ce
2061 2969 92 24 cortège
2171 2969 27 19 de
2216 2970 24 18 la

1719 2998 138 19 locomotion
1877 3002 32 14 un
1929 2997 94 24 cortège
2044 2997 30 19 du
2095 2998 117 19 costume-

1744 3027 35 18 La
1799 3026 105 20 dernière
1925 3027 75 23 partie
2021 3027 38 19 est
2079 3025 124 21 consacrée
2225 3026 14 20 à

1720 3055 140 24 l'apothéose
1877 3055 28 20 de
1923 3055 125 20 l'aviation.
2065 3055 60 20 Mais
2142 3060 26 14 ce
2186 3056 53 18 sont

1720 3085 33 19 les
1776 3085 134 19 trimoteurs
1933 3085 112 18 tournant
2066 3083 59 20 dans
2146 3084 21 19 le
2188 3084 50 19 ciel,

1721 3113 120 20 au-dessus
1859 3113 28 19 de
1906 3113 158 23 l'Exposition,
2082 3112 40 24 qui
2140 3117 29 14 en
2186 3116 45 15 con-

1721 3142 98 20 stituent
1835 3142 21 20 le
1873 3142 59 19 clou.

1771 3214 34 31 Le
1822 3216 117 31 ministre
1957 3215 32 30 de
2008 3215 174 30 l'Instruction

1836 3257 127 37 Publique
1983 3257 134 38 présidera

1714 3299 25 31 la
1750 3300 144 30 cérémonie
1906 3300 165 30 d'ouverture
2085 3300 46 30 des
2147 3299 91 31 stands

1780 3342 33 32 de
1830 3342 219 38 l'Enseignement
2066 3341 106 39 général

1906 3390 27 25 et
1951 3384 98 38 spécial

1736 3447 33 20 Le
1784 3447 108 20 ministre
1908 3449 29 19 de
1952 3447 158 21 l'Instruction
2126 3446 113 23 Publique

1712 3472 118 23 présidera
1847 3473 23 19 la
1887 3472 130 21 cérémonie
2034 3472 146 20 d'ouverture
2198 3472 41 19 des

1713 3498 81 19 stands
1813 3498 42 19 des
1875 3502 100 19 groupes
1995 3499 13 18 1
2027 3499 25 19 et
2072 3498 19 22 2,
2112 3496 117 24 Enseigne-

1713 3523 65 19 ment
1794 3521 95 25 général
1906 3523 24 18 et
1946 3521 94 25 spécial,
2056 3522 15 20 à
2087 3522 151 22 l'Exposition

1713 3546 180 20 internationale
1919 3548 24 19 et
1966 3547 138 22 universelle
2127 3548 30 19 de
2180 3546 50 19 Bru-

1712 3572 71 20 xelles
1802 3572 58 19 1935.

1738 3597 194 23 L'inauguration
1957 3597 29 20 de
2009 3602 40 16 ces
2072 3596 82 22 stands
2178 3601 61 15 aura

1711 3622 47 20 lieu
1774 3622 23 19 le
1813 3621 76 20 mardi
1906 3622 26 20 28
1947 3622 56 23 mai,
2020 3622 16 21 à
2052 3623 25 19 11
2093 3623 29 23 h,,
2139 3622 60 19 dans
2216 3622 22 19 le

1711 3647 47 19 hall
1776 3647 29 21 de
1822 3647 25 19 la
1862 3647 93 21 Section
1971 3647 74 24 belge,
2061 3647 80 19 Grand
2158 3647 79 19 Palais

1711 3671 79 20 Ouest,

1164 4735 206 47 L'inauguration
1396 4745 34 31 du
1459 4738 116 46 pavillon
1604 4745 83 33 suisse

1351 4813 28 31 Le
1390 4813 99 39 banquet

1170 4878 3 4 .
1190 4860 22 19 A
1233 4860 124 21 l'occasion
1387 4861 28 21 de
1444 4862 181 25 l'inauguration
1655 4863 30 20 du

1165 4886 103 23 pavillon
1290 4887 28 20 de
1338 4887 25 19 la
1382 4886 146 25 République
1549 4888 138 24 helvétique,

1166 4914 33 16 un
1215 4910 104 25 banquet
1334 4916 17 15 a
1368 4911 37 21 été
1421 4912 74 20 offert
1518 4913 89 20 samedi
1634 4914 53 23 soir,

1167 4935 58 21 dans
1247 4940 33 15 un
1301 4937 76 23 grand
1397 4936 65 21 hôtel
1483 4937 28 21 de
1533 4939 24 19 la
1578 4939 108 24 capitale,

1166 4965 44 18 par
1239 4961 22 20 le
1291 4962 160 20 commissaire
1481 4962 95 25 général
1606 4964 29 20 de
1665 4965 22 19 la

1162 4984 85 21 Suisse.

1190 5010 66 20 Dans
1275 5010 25 20 la
1319 5012 138 20 nombreuse
1477 5013 24 19 et
1520 5013 109 21 brillante
1651 5019 26 15 as-

1163 5035 102 20 sistance
1286 5039 31 16 on
1342 5037 179 20 reconnaissait:
1548 5038 57 20 MM.
1628 5039 48 19 Bar-

1165 5060 50 24 bey,
1237 5060 108 22 ministre
1367 5061 28 21 de
1417 5062 79 21 Suisse
1517 5062 16 20 à
1554 5063 129 22 Bruxelles:

1164 5085 110 20 Max-Léo
1295 5085 96 25 Gérard,
1411 5087 107 21 ministre
1539 5088 41 20 des
1600 5089 75 19 Finan-

1164 5115 49 19 ces;
1231 5111 54 19 Van
1302 5111 103 24 Isacker,
1423 5113 108 19 ministre
1551 5113 40 21 des
1610 5114 66 20 Affai-

1164 5140 38 16 res
1217 5135 172 26 économiques;
1406 5138 22 20 le
1444 5139 76 19 comte
1535 5138 87 20 Adrien
1640 5144 44 15 van

1164 5161 42 20 der
1224 5161 85 25 Burch,
1329 5163 160 20 commissaire
1509 5162 105 26 général;
1635 5164 46 20 Lie-

1163 5187 60 22 nert,
1240 5187 159 21 commissaire
1415 5187 95 25 général
1528 5189 84 23 suisse;
1630 5189 47 20 Fer-

1164 5212 64 19 nand
1245 5211 98 25 Peltzer,
1361 5213 84 20 ancien
1463 5214 117 24 ministre;
1601 5214 77 20 Bettel

1164 5237 118 20 directeur
1297 5237 95 24 général
1411 5238 31 20 du
1460 5238 120 21 Tourisme
1599 5240 83 23 suisse;

1162 5262 97 24 Zlegler,
1280 5262 120 24 président
1422 5264 28 20 de
1471 5265 25 19 la
1517 5264 115 20 Chambre
1656 5266 27 19 de

1163 5292 131 16 commerce
1318 5289 84 22 suisse;
1428 5288 111 24 Genuchl,
1563 5289 120 24 président

1163 5312 32 20 du
1214 5312 86 21 comité
1320 5313 28 21 de
1369 5313 128 25 réception;
1521 5315 34 20 les
1575 5315 98 19 commis-

1164 5339 74 20 saires
1253 5337 119 25 généraux
1388 5339 128 24 étrangers,
1533 5341 43 18 etc.

1188 5364 48 20 Des
1253 5364 75 21 toasts
1344 5365 141 19 chaleureux
1504 5365 80 19 furent
1601 5364 72 21 échan-

1163 5388 41 24 gés
1218 5393 31 15 au
1263 5389 90 20 dessert
1366 5390 66 19 entre
1446 5390 56 19 MM.
1516 5390 52 19 Van
1581 5390 102 20 Isacker.

1162 5414 94 23 Barbey
1277 5414 24 20 et
1321 5414 98 22 Peltzer.
1440 5415 38 19 On
1500 5416 123 23 applaudit
1644 5421 30 14 en-

1163 5439 61 20 suite
1240 5438 40 22 des
1294 5439 129 20 chanteurs
1439 5440 93 23 suisses,
1548 5441 40 23 qui
1604 5440 71 20 exécu-

1163 5463 78 21 tèrent
1257 5464 41 21 des
1313 5464 49 21 airs
1378 5464 129 24 régionaux
1523 5470 56 14 avec
1596 5470 32 15 un
1646 5470 29 15 en-

1163 5489 64 20 train
1247 5489 26 20 et
1294 5493 46 17 une
1361 5489 124 21 virtuosité
1505 5489 179 23 étourdissants.

1732 3730 128 21 L'ECOLE
1878 3731 354 21 MENAGERE-CARAVANE

1738 3766 80 22 L'école
1834 3767 219 24 ménagère-caravane
2069 3772 84 19 occupe,
2170 3772 28 15 on
2215 3767 20 20 le

1713 3795 45 24 sait,
1776 3800 29 16 un
1824 3795 127 24 magnifique
1976 3795 154 25 emplacement,
2157 3800 79 15 avenue

1713 3822 77 23 Astrid.

1738 3850 86 22 Comme
1836 3851 20 21 la
1870 3852 100 21 tendance
1984 3852 84 21 actuelle
2081 3854 31 20 est
2126 3851 26 21 de
2166 3851 58 21 rédui-

1712 3885 22 15 re
1748 3879 20 21 la
1782 3879 115 22 dimension
1910 3880 36 22 des
1961 3880 74 22 locaux
2049 3886 27 15 au
2091 3879 109 21 minimum
2214 3882 22 18 et

1711 3906 26 22 de
1749 3907 80 21 donner
1839 3908 15 21 à
1865 3908 80 24 chaque
1956 3908 56 24 pièce
2025 3909 19 21 le
2056 3907 45 25 plus
2112 3907 27 22 de
2151 3906 83 21 confort

1712 3935 87 24 possible
1819 3938 48 19 tout
1886 3943 27 14 en
1933 3937 20 21 le
1974 3937 76 21 faisant
2070 3935 66 23 servir
2154 3935 14 21 à
2186 3936 38 24 plu-

1710 3962 64 22 sieurs
1789 3963 143 25 destinations,
1948 3971 28 14 on
1992 3964 87 25 emploie
2096 3970 28 15 un
2140 3963 95 21 mobilier

1712 3991 66 24 pliant
1795 3994 22 19 et
1834 3992 118 22 facilement
1969 3992 125 26 déplaçable.

1737 4019 43 22 Des
1802 4020 175 22 démonstrations
1987 4037 3 4 .
1998 4019 53 23 dans
2073 4021 29 21 les
2125 4020 58 22 coins
2205 4021 29 21 les

1712 4047 45 25 plus
1771 4048 75 22 reculés
1859 4049 30 20 du
1903 4055 54 18 pays
1970 4055 27 15 au
2012 4055 76 18 moyen
2102 4049 27 21 de
2143 4048 91 22 matériel

1712 4077 151 23 transportable
1876 4084 22 14 se
1914 4077 47 21 font
1978 4077 161 24 régulièrement.

1737 4103 190 23 L'écolc-caravane
1943 4105 79 24 répond
2036 4105 54 22 donc
2105 4105 14 22 à
2135 4111 31 15 ces
2181 4111 42 15 nou-

1712 4131 60 22 velles
1792 4132 135 22 orientations
1945 4133 115 22 modernes.
2079 4132 44 23 Elle
2141 4132 93 25 présente

1710 4166 27 15 au
1752 4160 69 25 public
1836 4167 29 15 un
1880 4161 59 21 choix
1954 4161 122 25 d'appareils
2092 4161 106 23 modernes
2213 4164 21 19 ct

1711 4188 25 21 de
1751 4189 95 22 produits
1861 4189 145 22 sélectionnés.-

1736 4216 32 21 On
1783 4223 15 17 y
1813 4219 74 19 trouve
1902 4224 27 14 un
1944 4218 52 21 local
2010 4217 28 22 où
2054 4221 47 18 sont
2117 4217 66 23 réunis
2197 4219 36 20 des

1711 4245 105 21 ustensiles
1829 4245 103 25 agricoles,
1948 4246 36 21 des
1999 4246 101 24 appareils
2114 4246 26 21 de
2155 4246 78 22 laiterie

1710 4278 50 15 avec
1783 4273 29 20 du
1837 4273 91 21 matériel
1951 4280 54 17 pour
2028 4274 95 24 analyser
2147 4274 19 21 le
2188 4275 45 24 lait,

1710 4300 35 22 des
1764 4301 100 24 appareils
1882 4301 25 22 de
1925 4301 97 25 lessivage
2038 4304 22 20 et
2077 4302 27 21 de
2121 4308 111 19 repassage,

1710 4334 50 15 avec
1776 4335 75 18 pompe
1867 4330 143 24 automatique
2026 4336 55 19 pour
2096 4331 21 21 la
2133 4330 88 22 distribu-

1710 4355 44 22 tion
1772 4356 66 25 d'eau,
1855 4363 40 15 une
1913 4357 76 21 cuisine
2004 4358 148 24 parfaitement
2169 4358 53 21 outil-

1710 4383 36 25 lée,
1764 4390 50 15 avec
1833 4385 91 25 glacière,
1941 4385 70 22 buffet
2029 4386 27 22 de
2073 4385 83 26 cuisine,
2175 4386 47 21 four-

1710 4418 51 15 neau
1777 4413 115 24 électrique,
1906 4414 34 21 feu
1955 4414 85 22 continu
2056 4420 54 18 pour
2124 4415 19 21 le
2158 4415 64 21 chauf-

1711 4440 51 23 fage.
1777 4440 155 23 Parallèlement
1948 4442 14 21 à
1976 4442 21 21 la
2012 4442 81 25 cuisine,
2110 4449 41 15 une
2167 4444 64 24 petite

1708 4468 48 21 salle
1775 4468 26 21 de
1818 4469 56 25 bain,
1891 4470 80 21 ensuite
1988 4476 28 16 un
2033 4471 97 23 spacieux
2147 4471 85 25 bureau,

1710 4502 38 16 une
1762 4496 50 23 salle
1827 4497 14 21 à
1856 4503 84 18 manper
1955 4498 46 24 puis
2016 4504 41 15 une
2071 4500 50 21 salle
2137 4505 82 15 commu-

1710 4524 80 21 nicante
1809 4525 144 23 spécialement
1973 4526 90 22 destinée
2082 4533 42 15 aux
2143 4527 89 21 enfants.

1710 4552 39 21 Ces
1764 4552 53 21 deux
1835 4553 66 24 pièces
1918 4557 91 20 peuvent
2024 4555 86 21 devenir
2126 4561 27 15 un
2171 4555 49 21 audi-

1709 4580 52 22 toire
1776 4586 53 18 pour
1843 4581 59 24 vingt
1916 4582 72 22 élèves.

1735 4607 85 26 Chaque
1833 4609 128 24 disposition,
1977 4610 78 25 chaque
2069 4610 81 22 meuble
2164 4617 13 14 a
2192 4610 39 22 fait

1709 4635 71 24 l'objet
1802 4637 92 22 d'études
1915 4637 139 23 minutieuses.

1733 4664 46 21 Une
1793 4665 101 22 brochure
1908 4666 126 24 explicative,
2050 4667 92 21 intitulée
2156 4666 64 21 L'édu-

1709 4691 68 20 cation
1792 4692 106 25 ménagère
1911 4697 20 17 et
1946 4694 94 25 agricole,
2052 4695 70 21 donne
2134 4695 37 21 des
2184 4700 36 16 ren-

1708 4720 135 22 seignements
1861 4728 36 14 sur
1913 4725 53 19 cette
1984 4729 68 15 œuvre
2070 4723 104 24 originale.

1734 4748 65 24 Après
1812 4748 141 26 l'Exposition,
1966 4754 53 18 cette
2030 4751 55 22 école
2098 4752 96 24 figurera,
2205 4758 26 14 en

1709 4777 117 22 novembre,
1845 4784 27 14 au
1892 4777 61 22 Salon
1972 4779 25 23 de
2015 4779 170 26 l'Alimentation,
2204 4785 26 15 au

1714 4803 179 25 Cinquantenaire.
1919 4805 32 22 En
1978 4809 57 22 1936,
2059 4807 37 21 clic
2122 4808 44 20 fera
2192 4814 39 15 une

1710 4831 84 22 tournée
1810 4839 26 15 cn
1854 4833 97 25 Belgique
1966 4837 29 22 et,
2010 4841 26 15 en
2055 4840 57 20 1037,
2128 4835 104 25 peut-être

1712 4860 155 24 figurora-t-elle
1883 4861 14 21 à
1914 4861 136 25 l'Exposition
2067 4864 26 22 de
2112 4863 64 23 Paris.

1932 4887 78 20 «►«♦

1743 4915 32 37 On
1798 4914 88 45 espère
1906 4918 130 36 retrouver
2049 4919 23 35 le
2093 4919 106 44 drapeau

1767 4972 31 36 du
1824 4971 45 37 ier
1889 4971 29 37 R.
1936 4972 19 37 I.
1978 4973 107 37 Colonial
2102 4975 75 44 perdu

1888 5027 12 36 à
1923 5028 128 43 Rossignol

1725 5102 46 20 (De
1787 5103 67 19 notre
1871 5103 184 23 correspondant
2071 5105 147 23 particulier)

2015 5134 79 24 Arlon,
2109 5135 26 19 26
2149 5136 56 20 mai.

1728 5164 33 19 Le
1775 5165 47 19 soir
1838 5165 30 19 du
1882 5164 26 19 22
1922 5164 56 21 août
1989 5166 58 22 1914,
2061 5171 47 15 aux
2120 5167 106 21 combats

1708 5188 28 20 de
1752 5189 132 23 Rossignol,
1902 5194 30 14 on
1952 5190 109 20 constata
2078 5196 45 19 que
2140 5192 21 19 le
2179 5192 42 20 dra-

1708 5218 60 18 peau
1782 5214 31 19 du
1826 5215 39 18 ler
1879 5213 115 25 çégiment
2007 5215 150 22 d'infanterie
2171 5218 50 19 colo-

1708 5238 61 20 niale
1782 5239 119 23 française
1915 5238 57 22 était
1985 5241 80 23 perdu.
2079 5241 47 20 Des
2140 5242 82 20 recher-

1708 5263 54 19 ches
1781 5263 130 20 effectuées
1931 5265 69 23 après
2034 5266 134 19 l'armistice
2200 5272 30 15 ne

1708 5288 131 20 donnèrent
1857 5294 77 15 aucun
1955 5289 105 22 résultat.
2080 5291 37 19 On
2138 5293 92 22 reparle

1706 5313 28 19 de
1747 5313 24 20 la
1782 5315 69 19 chose
1864 5315 23 19 et
1899 5315 102 20 certains
2014 5316 90 19 croient
2114 5321 46 19 que
2171 5317 58 20 c'est

1708 5338 58 20 dans
1782 5340 23 19 la
1823 5338 81 24 région
1938 5339 27 20 de
1995 5340 235 21 Villers-sur-Semois

1706 5363 54 23 qu'il
1776 5365 52 19 faut
1844 5364 107 20 localiser
1967 5366 34 19 les
2018 5365 185 24 investigations.

1731 5388 37 19 Un
1788 5389 80 24 prê^*
1884 5390 41 19 des
1943 5390 217 23 Alpes-Maritimes,
2179 5391 49 20 très

1707 5413 66 20 versé
1787 5415 59 19 dans
1858 5416 24 19 la
1895 5414 174 24 radioestnésie,
2081 5420 31 15 va
2125 5415 61 21 faire
2200 5415 29 21 de

1704 5440 117 19 nouvelles
1844 5440 144 20 recherches.
2008 5440 52 20 Une
2081 5441 65 18 carte
2167 5441 50 19 mili-

1706 5464 60 19 taire
1779 5464 49 20 très
1844 5463 106 21 détaillée
1967 5465 28 20 de
2009 5464 23 20 la
2046 5463 81 25 région
2140 5464 29 21 de
2182 5465 38 20 Vil-

1705 5489 196 20 lers-sur-Semois
1919 5489 34 20 lui
1973 5495 16 15 a
2007 5489 38 21 été
2061 5488 110 27 envoyée.

2282 220 23 71 A
2322 222 173 71 TRAVERS
2518 224 65 71 LES
2606 226 199 71 JOURNAUX

2439 338 13 15 «
2469 335 56 20 LES
2543 336 98 19 VONTS

2338 356 45 21 NE
2406 357 79 21 SONT
2507 360 57 20 PAS
2587 361 118 21 COUrES
2729 367 13 15 »

2312 396 90 27 Quand
2421 404 65 15 nous
2506 399 87 22 disons
2616 406 47 21 que
2683 401 24 22 la
2729 401 74 23 Libre

2280 424 118 29 Belgique
2425 426 120 22 continue
2571 428 25 22 la
2622 428 122 22 tradition
2771 429 32 22 de

2280 452 177 28 /Vx-Pntriote,
2479 454 72 23 notre
2573 456 118 26 confrère
2712 462 27 16 se
2763 456 27 28 fâ-

2280 480 47 22 che
2349 483 24 21 et
2393 488 64 16 nous
2478 484 57 21 taxe
2556 483 31 22 de
2608 484 128 22 mauvaise
2757 485 45 26 foi.

2309 509 199 28 Rappelez-vous
2523 511 69 22 1914.
2608 511 18 21 A
2642 514 24 20 la
2683 512 73 21 veille
2770 513 32 21 de

2278 536 9 22 1
2296 536 124 27 invasion,
2435 539 170 21 Vex-Pn\rio\c
2618 539 78 26 jurait
2710 546 92 15 encore

2278 570 48 21 que
2345 567 81 21 toutes
2446 573 45 14 nos
2512 566 107 24 alarmes
2639 566 92 22 étaient
2751 568 41 21 vai-

2279 598 51 18 nes,
2347 600 77 21 parce
2441 600 56 21 que,
2512 594 38 27 foi
2566 594 31 21 de
2615 593 139 23 Guillaume
2770 596 31 22 fl,

2278 620 161 29 l'Allemagne
2462 628 31 15 ne
2516 621 114 27 songeait
2656 622 145 25 nullement,

2278 648 161 28 affirmait-il,
2462 650 16 21 à
2504 648 107 23 envahir
2634 650 73 22 notre
2730 656 71 21 pays.

2277 676 38 22 On
2335 677 103 21 connaît
2458 677 24 21 la
2500 677 73 21 suite.
2591 677 69 21 Xous
2682 677 118 21 n'aurons

2277 710 46 21 pas
2340 705 25 22 la
2382 704 103 22 cruauté
2502 704 129 22 d'insister
2646 711 45 15 sur
2706 705 25 21 la
2747 711 40 16 res-

2276 732 153 28 ponsabilité
2452 732 34 22 du
2507 733 101 26 journal
2633 732 152 28 catholique.

2307 760 69 22 Nous
2394 760 68 22 voici
2479 766 31 16 en
2529 759 68 24 1935.
2614 760 83 21 Hitler
2715 766 16 16 a
2746 766 45 16 suc-

2276 787 61 23 cédé
2358 791 15 21 à
2392 787 147 25 Guillaume,
2558 788 52 22 Xos
2629 787 108 23 lecteurs
2757 790 43 20 ont

2276 816 54 27 pris
2348 815 184 23 connaissance
2549 816 34 22 du
2604 816 116 21 discours
2740 816 61 28 qu'il

2276 844 69 22 vient
2370 844 32 21 de
2427 850 146 21 prononcer
2600 850 32 15 au
2657 844 143 27 Heichstag.

2275 871 180 23 //e\r-Palriote
2483 873 37 21 est
2547 872 98 22 devenu
2673 872 25 23 ta
2725 872 74 23 Libre

2275 899 126 29 Belgique.
2421 900 96 28 Simple
2538 900 166 28 changement
2725 900 61 22 d'éti-

2275 928 91 28 quette,
2381 934 45 16 car
2437 928 104 28 l'esprit,
2554 935 33 15 on
2601 935 30 15 va
2643 930 23 22 le
2680 928 55 23 voir
2750 935 49 16 une

2274 956 51 28 fois
2341 956 32 24 de
2389 957 65 28 plus,
2472 958 36 20 est
2527 956 65 23 resté
2608 957 23 22 le
2648 957 88 22 mème.

2307 984 52 28 Que
2388 990 168 22 croyez-vous
2585 991 48 22 que
2661 992 78 21 pense
2767 985 32 23 M.

2274 1013 61 22 Paul
2354 1013 91 28 Struge
2465 1013 32 23 de.
2519 1020 29 16 ce
2566 1014 162 22 retentissant
2748 1014 40 21 dis-

2274 1042 90 21 cours?
2378 1042 64 23 tSans
2458 1041 83 25 doute,
2557 1048 32 16 on
2607 1042 114 28 aperçoit
2739 1042 57 22 bien

2274 1070 63 22 dans
2354 1076 46 15 son
2419 1070 181 22 commentaire
2621 1071 120 27 quelques
2761 1070 27 22 ré-

2272 1104 92 18 serves,
2379 1098 63 22 mais
2455 1105 32 15 au
2500 1098 156 26 demeurant,
2669 1099 19 22 il
2702 1105 16 21 g
2731 1100 56 20 trou-

2274 1132 37 19 ve,
2330 1127 144 23 tenez-vous
2493 1126 66 25 bien,
2582 1127 44 22 des
2646 1126 100 23 raisons
2765 1127 32 22 de

2272 1159 27 17 se
2314 1160 115 16 rassurer
2440 1161 8 16 :

2295 1199 27 4 —
2341 1189 76 21 L'idée
2437 1189 124 21 maîtresse
2582 1191 31 18 du
2633 1190 105 20 discours
2759 1192 36 17 est

2271 1214 28 19 de
2321 1215 114 20 tendance
2459 1216 124 24 pacifique.
2604 1216 32 19 Le
2657 1216 139 19 Chancelier

2272 1238 94 24 répudie
2383 1241 22 18 la
2423 1245 89 19 guerre,
2531 1246 28 15 en
2576 1241 103 20 dénonce
2694 1242 33 19 les
2743 1242 43 18 hor-

2274 1269 66 15 reurs
2364 1268 23 17 et
2410 1266 124 23 l'inutilité,
2559 1268 106 22 souligne
2690 1272 44 18 que
2760 1267 34 19 les

2270 1291 95 22 peuples
2384 1296 15 18 y
2419 1293 53 18 sont
2492 1293 103 23 hostiles,
2616 1295 23 17 et
2659 1293 46 19 fait
2723 1293 28 18 de
2771 1294 23 18 la

2270 1315 53 22 paix
2339 1320 31 14 un
2384 1317 82 19 article
2480 1318 31 18 du
2523 1318 69 19 credo
2606 1318 179 19 national-socia-

2271 1340 59 19 liste.

2303 1372 57 22 Plus
2374 1374 59 24 loin,
2447 1374 74 28 après
2535 1375 72 22 avoir
2620 1375 112 22 concédé
2746 1381 48 22 que

2272 1399 59 23 c'est
2350 1401 23 22 le
2391 1408 94 22 propre
2504 1404 44 21 des
2567 1404 146 25 dictatures,
2734 1403 51 22 maî-

2273 1429 90 21 tresses
2386 1430 115 22 absolues
2524 1432 32 23 de
2578 1433 67 21 leurs
2670 1433 69 21 actes
2763 1432 31 21 de

2271 1462 13 14 «
2300 1455 110 29 changer
2425 1458 130 28 d'opinion
2573 1466 31 16 ou
2621 1460 30 22 de
2669 1460 124 29 politique

2272 1489 28 15 en
2321 1488 102 23 passant
2443 1493 30 15 au
2494 1487 86 23 besoin
2602 1488 58 23 d'un
2681 1488 111 23 extrême

2273 1511 13 22 à
2302 1510 88 24 l'autre
2407 1520 12 14 »
2432 1520 6 15 :

2295 1556 27 4 —
2339 1546 19 20 U
2378 1548 51 19 n'en
2448 1549 61 20 reste
2528 1556 42 18 pas
2588 1552 77 19 moins
2684 1551 107 24 qu'après

2269 1576 45 14 une
2331 1573 176 21 manifestation
2523 1577 63 18 aussi
2603 1578 126 19 solennelle
2746 1583 45 18 que

2268 1597 23 18 la
2312 1596 84 21 séance
2414 1599 127 25 historique
2562 1602 31 19 du
2610 1603 130 24 Reichstag
2759 1603 31 19 du

2268 1621 24 19 21
2305 1623 47 18 mai
2365 1623 98 23 dernier,
2476 1625 30 19 M.
2518 1627 25 18 A.
2556 1627 76 19 Hitler
2644 1629 36 19 est
2694 1629 96 22 devenu,

2269 1651 29 14 en
2319 1647 51 23 fait,
2391 1649 20 19 le
2432 1650 131 23 prisonnier
2582 1653 28 18 de
2630 1659 38 14 ses
2689 1653 93 20 déclara-

2269 1672 62 19 tions
2346 1674 129 23 pacifiques
2490 1678 23 17 et
2529 1678 53 22 qu'il
2599 1683 29 14 ne
2644 1680 105 22 pourrait
2765 1683 25 15 se

2270 1698 85 18 mettre
2379 1703 28 14 en
2430 1702 169 19 contradiction
2623 1709 56 16 avec
2702 1704 80 19 lui-mê-

2269 1727 37 13 me
2322 1723 68 22 qu'en
2407 1725 121 21 soulevant
2544 1728 24 18 la
2586 1728 74 21 colère
2678 1730 23 19 ct
2717 1732 23 18 la
2756 1729 25 20 ré-

2270 1748 123 22 probation
2417 1749 27 19 de
2468 1751 108 23 l'opinion
2598 1755 116 19 mondiale
2739 1756 52 19 tout

2269 1772 94 20 entière.

2301 1804 43 22 Cet
2367 1806 70 21 autre
2457 1806 152 26 échantillon
2629 1817 91 17 encore
2732 1818 9 17 :

2293 1842 27 4 —
2336 1833 18 18 II
2370 1839 14 13 a
2400 1835 191 22 solennellement
2606 1840 105 23 renoncé,
2730 1846 59 18 pour

2269 1859 51 18 tout
2336 1858 28 19 de
2381 1859 51 22 bon,
2448 1859 15 19 à
2480 1862 64 19 toute
2560 1865 172 20 revendication
2748 1872 41 14 sur

2268 1882 226 22 l'Aisacc-Lorraine.
2515 1887 20 19 Il
2555 1893 16 13 a
2592 1891 119 22 confirmé,
2732 1897 56 15 sans

2268 1907 99 23 réserve,
2381 1914 43 15 son
2439 1910 112 21 adhésion
2567 1918 31 14 au
2614 1915 71 20 Pacte
2701 1917 28 19 de
2746 1918 33 19 Lo-

2267 1938 72 14 carno
2355 1944 25 4 —
2396 1935 62 19 alors
2473 1936 67 23 qu'on
2557 1939 63 20 avait
2636 1945 30 18 pu
2680 1943 108 19 craindre

2267 1959 53 22 qu'il
2338 1964 28 14 ne
2382 1960 58 19 tirât
2454 1961 104 24 prétexte
2575 1963 26 20 de
2617 1965 22 19 la
2654 1968 133 19 conclusion

2268 1984 31 18 du
2322 1984 71 20 Pacte
2417 1986 218 26 franco-soviétique
2660 1996 58 18 pour
2740 1993 48 19 s'en

2267 2008 107 24 dégager.
2390 2010 19 19 Il
2424 2010 55 20 s'est
2493 2011 91 22 déclaré
2597 2015 90 23 disposé
2699 2017 15 19 à
2727 2023 50 14 com-

2267 2033 74 24 pléter
2354 2036 21 18 le
2388 2036 72 19 Pacte
2475 2037 89 20 rhénan
2577 2044 42 18 par
2633 2045 43 15 une
2690 2047 88 15 conven-

2267 2060 48 19 tion
2330 2060 117 21 aérienne.
2462 2062 19 19 U
2497 2068 14 13 a
2526 2064 95 24 accepté
2636 2066 21 19 le
2673 2069 113 19 maintien

2267 2085 28 19 de
2313 2085 24 19 la
2353 2091 57 14 zone
2428 2086 103 22 rhénane
2549 2088 169 24 démilitarisée.
2735 2094 19 19 Il
2772 2100 15 14 a

2267 2111 178 22 implicitement
2462 2117 102 16 reconnu
2582 2115 20 19 le
2617 2118 117 20 caractère
2750 2120 28 19 dé-

2266 2135 76 20 finitif
2360 2137 40 19 des
2419 2137 126 21 frontières
2563 2139 223 29 belgo-allemandes,

2270 2166 28 15 en
2316 2163 145 22 confirmant
2477 2164 104 20 Locarno
2596 2167 29 21 et,
2643 2168 143 22 polono-a^le-

2266 2186 104 21 mandes.
2397 2192 29 15 en
2454 2188 149 21 maintenant
2628 2192 23 18 la
2677 2193 109 24 politique

2265 2211 14 18 d
2287 2211 80 20 amitié
2389 2217 58 15 avec
2469 2214 23 18 la
2512 2215 109 23 Pologne.
2642 2217 19 18 II
2684 2223 14 14 a
2720 2220 64 19 enfin

2267 2236 175 23 expressément
2463 2243 103 16 reconnu
2590 2242 23 19 la
2636 2243 100 23 validité,
2756 2250 30 14 au

2265 2262 84 23 regard
2373 2263 27 19 de
2423 2263 156 25 l'Allemagne,
2602 2266 28 20 de
2653 2259 83 30 toutes'
2753 2271 31 19 les

2265 2286 150 24 dispositions
2432 2289 89 20 d'ordre
2537 2291 126 21 territorial
2679 2293 29 20 du
2723 2294 62 21 Trai-

2266 2312 23 18 tp
2307 2312 28 19 de
2353 2313 132 21 Versailles.

2292 2337 45 19 Sur
2365 2338 53 20 tous
2448 2344 39 14 ces
2514 2341 77 23 points
2622 2342 164 24 d'importance

2266 2362 157 24 primordiale,
2445 2369 42 14 son
2509 2366 100 24 langage
2629 2373 15 14 a
2665 2368 35 20 été
2721 2370 65 21 d'une

2265 2387 89 20 netteté
2373 2388 15 20 à
2409 2390 98 22 laquelle
2528 2392 14 19 il
2561 2392 38 23 n'y
2618 2398 15 14 a
2651 2394 49 19 rien
2718 2394 15 20 à
2752 2401 24 14 re-

2265 2413 106 23 prendre.
2382 2414 37 20 Un
2432 2416 31 18 tel
2476 2417 99 23 langage
2589 2420 56 18 vaut
2656 2419 59 23 bien,
2728 2426 57 15 nous

2266 2437 109 24 paraît-il,
2392 2444 45 15 une
2451 2441 121 23 signature
2587 2443 100 23 apposée
2701 2450 29 14 au
2746 2446 40 20 bas

2266 2463 53 19 d'un
2337 2469 106 15 nouveau
2459 2466 75 23 pacte.

2297 2495 30 22 Et
2341 2496 68 23 voilà
2419 2498 44 27 qui
2472 2498 73 28 suffit
2557 2499 14 22 à
2582 2500 32 22 M.
2626 2501 63 23 Paul
2699 2503 88 28 Strnye

2267 2529 66 22 pour
2354 2526 119 22 conclure
2496 2533 47 21 que
2567 2535 12 14 «
2596 2528 133 25 l'essentiel
2752 2534 34 20 est

2267 2551 117 29 qu'après
2406 2553 22 22 le
2451 2554 116 24 discours
2591 2556 32 23 du
2648 2558 138 30 Reichstag,

2266 2579 36 22 les
2317 2583 74 25 ponts
2407 2588 30 16 ne
2452 2583 82 23 soient
2549 2591 45 21 pas
2612 2586 93 28 coupés
2721 2594 35 17 »...

2296 2608 148 29 Supposons
2476 2617 48 21 que
2558 2612 167 30 l'Allemagne,
2756 2622 30 17 au

2266 2635 50 23 lieu
2329 2637 31 22 de
2372 2644 64 16 nous
2448 2639 107 23 envahir
2569 2647 59 18 sans
2642 2643 66 22 crier
2720 2651 65 20 gare,

2267 2663 96 24 réédite
2386 2667 22 23 le
2431 2673 66 22 coup
2522 2669 32 21 de
2577 2669 156 25 l'ultimatum
2756 2662 31 34 dé

2267 2691 68 28 19H,
2359 2693 25 23 la
2409 2694 75 23 Libre
2508 2696 119 29 Belgique
2650 2700 135 24 trouverait

2265 2727 58 15 sans
2338 2721 75 23 doute
2428 2729 92 18 encore
2535 2725 104 23 matière
2654 2728 15 22 à
2682 2735 27 16 se
2724 2735 47 16 con-

2266 2748 67 23 soler
2348 2751 24 21 et
2386 2750 16 22 à
2417 2750 117 29 affirmer
2551 2760 48 21 que
2615 2755 35 22 les
2665 2758 75 26 ponts
2755 2764 31 16 ne

2264 2779 57 20 sont
2334 2784 47 21 pas
2397 2779 107 28 coupés!

2293 2804 65 24 C'est
2404 2806 161 26 décidément
2610 2810 170 26 l'obstination

2265 2832 63 23 dans
2345 2832 13 25 t
2357 2834 185 29 'aveuglement.
2559 2838 28 22 Si
2603 2839 23 22 la
2643 2841 73 23 Libre
2733 2842 41 22 Bel-

2263 2861 74 28 gique
2354 2869 32 16 ne
2401 2864 86 26 faisait
2504 2867 49 21 tort
2571 2867 56 27 qu'à
2643 2875 28 16 sa
2687 2869 89 28 réputa-

2265 2889 54 23 tion
2345 2898 31 16 en
2399 2892 144 28 colportant
2566 2895 94 23 d'aussi
2683 2904 89 22 surpre-

2264 2919 88 21 nantes
2367 2919 118 27 théories,
2502 2928 32 16 on
2550 2925 115 25 pourrait
2681 2932 30 15 en
2727 2926 59 23 rire.

2263 2946 63 25 Mais
2344 2948 24 22 la
2384 2948 122 24 situation
2525 2953 36 20 est
2581 2952 129 30 beaucoup
2729 2957 57 26 trop

2263 2980 76 22 grave
2354 2982 67 22 pour
2439 2984 47 21 que
2502 2985 64 16 nous
2582 2986 31 16 ne
2629 2981 157 24 dénoncions

2263 3008 46 22 pas
2327 3005 24 22 la
2369 3007 195 26 responsabilité
2582 3009 89 27 qu'elle
2688 3017 98 17 assume

2263 3037 61 16 avec
2349 3038 49 19 une
2420 3036 70 22 aussi
2513 3035 158 25 désarmante
2694 3039 77 23 incon-

2262 3059 110 24 science.
2388 3062 65 22 C'est
2468 3063 31 24 de
2514 3064 132 28 vigilance,
2661 3067 75 22 d'une
2751 3069 26 21 vi-

2262 3087 100 28 gilance
2384 3091 111 23 extrême
2516 3099 48 22 que
2584 3093 50 22 l'on
2655 3101 15 16 a
2689 3095 97 24 besoin.

2263 3116 181 25 L'c\r-Patriote
2474 3127 31 15 en
2534 3121 36 22 est
2597 3123 112 27 toujours
2736 3131 50 16 aux

2258 3145 180 30 soporifiques.
2459 3147 38 24 On
2515 3149 50 23 sait
2583 3157 29 16 ce
2630 3151 73 28 qu'ils
2721 3159 65 16 nous

2265 3175 43 21 ont
2325 3174 73 24 coûté
2413 3182 31 17 cn
2459 3177 69 23 1914.

2269 3210 24 6 —
2292 3210 18 5 -
2486 3207 77 18 <#>■♦

2297 3225 49 32 Les
2365 3226 77 31 Croix
2461 3227 33 31 de
2514 3228 52 32 Feu
2584 3229 32 31 de
2634 3230 110 32 Malines

2357 3274 46 25 ont
2421 3281 61 26 reçu
2501 3270 56 31 leur
2576 3272 114 37 drapeau

2259 3308 35 32 du
2309 3311 107 36 général
2434 3312 52 36 Six,
2505 3313 108 38 délégué
2627 3326 48 25 par
2692 3315 25 31 le
2733 3316 49 31 Roi

2270 3375 46 20 (De
2336 3378 67 18 notre
2424 3379 182 22 correspondant
2627 3380 145 23 particulier)

2539 3404 103 23 Malines,
2659 3404 25 19 26
2702 3406 53 19 mai.

2287 3425 51 20 Une
2361 3427 59 20 belle
2442 3427 131 21 cérémonie
2596 3429 54 19 s'est
2674 3429 107 21 déroulée

2263 3450 123 22 dimanche
2405 3454 76 18 matin
2500 3453 16 20 à
2536 3454 22 19 la
2578 3454 155 20 Grand'Place
2754 3456 28 20 de

2263 3475 105 22 Malines.
2391 3478 45 20 Les
2460 3478 69 20 Croix
2552 3479 27 19 de
2602 3479 48 19 Feu
2673 3480 109 20 malinois

2263 3501 166 24 inauguraient
2457 3504 51 19 leur
2537 3504 101 23 drapeau
2667 3505 24 18 et
2721 3505 61 20 deux

2262 3528 67 19 cents
2353 3528 88 20 d'entre
2465 3534 45 15 eux
2532 3530 42 19 ont
2597 3533 53 19 reçu
2674 3529 106 24 l'insigne

2262 3552 111 24 glorieux.

2287 3578 33 19 Le
2342 3578 95 24 général
2461 3579 46 23 Six,
2531 3580 52 19 aide
2607 3580 26 19 de
2656 3584 68 18 camp
2749 3580 31 19 du

2261 3602 52 23 Roi,
2333 3603 114 24 présidait
2465 3606 62 18 cette
2547 3604 117 20 solennité.

2286 3628 46 20 Les
2351 3629 70 20 Croix
2436 3629 29 20 de
2483 3630 50 19 Feu
2550 3630 106 19 malinois
2673 3628 108 21 s'étaient

2262 3653 88 20 formés
2380 3660 29 14 en
2436 3654 94 24 cortège
2558 3654 16 20 à
2600 3655 23 18 la
2649 3654 65 23 place
2741 3655 29 18 Al-

2261 3678 53 21 bert
2332 3679 38 20 1er
2387 3684 59 19 pour
2464 3686 25 15 se
2508 3681 89 21 rendre,
2612 3684 44 18 par
2673 3680 32 19 les
2725 3684 53 15 rues

2260 3704 121 23 pavoisées
2404 3710 29 14 en
2457 3705 51 19 leur
2531 3706 109 21 honneur,
2663 3703 15 20 à
2700 3703 78 20 l'hôtel

2261 3729 28 20 de
2307 3730 60 24 ville,
2385 3728 31 21 où
2435 3730 34 20 les
2487 3729 113 21 autorités
2618 3730 49 19 leur
2684 3729 95 19 avaient

2260 3754 92 20 réservé
2374 3760 45 14 une
2441 3754 125 25 réception.

2285 3780 33 20 Le
2346 3779 100 25 cortège,
2473 3780 152 24 comprenant
2652 3778 125 25 vingt-huit

2260 3806 102 20 sections
2379 3805 40 20 des
2435 3805 69 19 Croix
2520 3806 28 19 de
2563 3805 47 19 Feu
2626 3805 23 18 et
2664 3804 40 19 des
2720 3803 49 20 délé-

2260 3831 93 23 gations
2375 3831 28 19 de
2424 3829 98 21 sociétés
2543 3829 156 25 patriotiques,
2721 3828 58 20 était

2260 3855 97 24 précédé
2376 3855 28 20 de
2420 3856 25 18 la
2459 3856 106 23 musique
2583 3855 29 18 du
2628 3854 26 18 7e
2670 3855 28 19 de
2715 3854 62 23 ligne

2260 3881 61 19 ainsi
2337 3885 44 19 que
2395 3880 42 20 des
2454 3881 136 23 trompettes
2605 3879 31 19 du
2651 3879 26 19 8e
2693 3879 76 19 d'artil-

2260 3906 63 21 lerie.
2635 3912 7 9 •

2284 3932 33 19 Le
2337 3931 118 20 chevalier
2476 3930 104 21 Dessain,
2609 3929 162 23 bourgmestre

2261 3956 109 20 souhaita
2389 3957 24 18 la
2431 3956 127 19 bienvenue
2577 3958 47 15 aux
2643 3960 11 12 «
2673 3954 105 19 hommes

2260 3981 31 20 du
2305 3981 39 19 feu
2357 3987 18 19 »,
2388 3981 41 24 qui
2442 3981 94 19 avaient
2549 3978 35 21 été
2597 3978 120 24 présentés
2732 3984 47 14 aux

2261 4005 113 21 autorités
2395 4011 43 19 par
2459 4006 20 20 le
2501 4004 115 25 président
2638 4004 27 19 de
2686 4004 24 19 la
2731 4009 38 14 sec-

2259 4032 51 19 tion
2329 4032 80 22 locale,
2429 4031 31 20 M.
2479 4030 27 21 A.
2525 4029 105 23 Bouvier,
2651 4028 127 24 ingénieur,

2259 4057 77 23 major
2350 4057 28 19 de
2394 4055 91 21 réserve
2501 4056 30 19 du
2545 4053 74 25 génie.

2286 4082 31 19 M.
2337 4082 101 20 Dessain
2460 4081 103 23 exprima
2583 4080 24 19 la
2629 4078 68 20 fierté
2718 4078 52 24 qu'é-

2259 4107 109 24 prouvait
2384 4105 92 21 l'édilité
2492 4104 120 21 malinoise
2629 4105 23 19 et
2668 4104 23 19 la
2708 4108 62 19 popu-

2260 4132 73 20 lation
2353 4132 28 20 de
2401 4132 23 19 la
2443 4131 53 19 ville
2518 4130 26 19 de
2570 4130 98 23 pouvoir
2694 4129 84 19 rendre

2258 4158 125 23 hommage
2402 4156 16 20 à
2436 4156 24 19 la
2479 4156 113 19 vaillance
2613 4155 27 18 de
2661 4159 59 14 ceux
2738 4154 41 24 qui

2258 4182 81 20 furent
2352 4183 34 19 les
2401 4182 102 19 artisans
2517 4180 27 20 de
2558 4180 25 19 la
2596 4180 103 19 victoire.

2284 4208 35 19 La
2336 4206 147 21 bénédiction
2501 4206 30 18 du
2549 4209 108 15 nouveau
2676 4205 102 23 drapeau

2259 4233 78 19 donna
2358 4233 47 19 lieu
2425 4231 58 20 dans
2504 4231 24 19 la
2547 4229 134 20 cathédrale
2703 4230 76 19 Saint-

2258 4257 120 20 Rombaut
2394 4256 15 20 à
2425 4261 45 14 une
2488 4255 210 23 impressionnante
2717 4254 52 20 céré-

2258 4283 84 21 monie.
2360 4282 54 24 Mgr
2430 4281 53 19 Van
2500 4280 87 23 Eynde,
2606 4280 86 19 vicaire
2711 4278 58 25 géné-

2259 4308 42 22 ral,
2316 4308 25 19 la
2356 4306 99 25 présida,
2472 4305 78 20 tandis
2566 4310 44 19 que
2627 4305 24 19 la
2667 4310 12 13 «
2695 4304 81 20 Schola

2258 4333 128 20 Cantorum
2400 4336 12 13 »
2426 4331 30 19 du
2470 4330 80 20 Grand
2566 4329 128 21 Séminaire
2709 4330 60 19 chan-

2258 4358 46 20 tait
2321 4358 22 19 le
2361 4362 13 14 «
2391 4356 32 19 Te
2440 4356 76 19 Deum
2534 4361 18 15 ».

2283 4382 20 19 A
2317 4382 57 19 midi
2389 4381 39 20 eut
2441 4381 53 23 lieu,
2509 4379 15 21 à
2538 4381 23 18 la
2576 4380 164 22 Grand'Place,
2754 4380 24 18 la

2259 4407 83 20 remise
2363 4407 31 19 du
2414 4405 103 24 drapeau
2537 4406 25 19 et
2581 4405 40 20 des
2641 4405 103 23 insignes
2764 4404 15 20 à

2260 4433 50 22 plus
2328 4432 28 19 de
2373 4431 60 20 deux
2450 4431 65 19 cents
2533 4430 69 20 Croix
2619 4430 27 20 de
2664 4431 48 19 Feu
2729 4435 40 14 ma-

2258 4457 74 20 linois.

2283 4482 32 19 Le
2331 4481 45 19 Roi
2392 4480 65 20 avait
2475 4480 95 24 délégué
2586 4481 21 18 le
2625 4480 94 24 général
2738 4480 41 20 Six

2257 4511 58 19 pour
2328 4505 111 24 procéder
2452 4504 15 21 à
2479 4506 62 20 cette
2556 4505 90 20 remise.

2281 4530 52 20 Une
2364 4530 94 20 estrade
2490 4531 129 19 d'honneur
2644 4531 64 19 avait
2741 4530 37 20 été

2258 4554 133 25 aménagée,
2409 4554 31 20 où
2458 4556 95 19 avaient
2571 4556 49 23 pris
2638 4557 66 23 place
2723 4556 55 19 MM.

2257 4581 106 22 Dessain,
2385 4580 172 24 bourgmestre;
2588 4580 79 23 Ooms,
2697 4586 72 18 procu-

2258 4610 54 15 reur
2331 4606 31 19 du
2381 4605 44 19 Roi
2430 4610 6 19 ;
2456 4605 123 25 Dujardin,
2599 4605 180 25 vice-président

2258 4632 31 19 du
2307 4631 113 22 tribunal;
2441 4630 53 24 Mgr
2513 4631 52 19 Van
2585 4630 88 25 Eynde,
2692 4631 87 20 vicaire

2257 4654 101 25 général,
2382 4654 96 25 délégué
2501 4656 31 19 du
2556 4656 215 20 cardinal-archevê-

2258 4684 53 19 que;
2332 4681 20 19 le
2370 4681 89 19 colonel
2478 4681 116 24 Leclercq,
2612 4682 168 19 commandant.

2257 4706 20 18 le
2291 4705 26 19 7e
2332 4706 28 19 de
2374 4705 72 24 ligne;
2462 4706 21 20 le
2497 4706 228 20 lieutenant-colonel
2739 4707 31 20 Ja-

2259 4729 46 22 dot,
2323 4731 168 20 commandant
2509 4732 21 19 le
2548 4731 26 20 Se
2593 4731 144 22 d'artillerie;
2758 4733 22 19 le

2257 4755 77 24 major
2353 4755 107 22 Vincent,
2481 4757 167 20 commandant
2669 4758 23 18 la
2713 4757 66 23 place

2260 4780 28 20 de
2306 4780 108 23 Malines;
2435 4781 56 20 MM.
2510 4782 54 22 Cox,
2582 4781 119 24 président
2719 4781 53 20 fédé-

2257 4806 43 22 ral,
2318 4805 24 20 et
2359 4806 99 25 Baudot,
2476 4806 122 25 président
2616 4807 103 24 régional
2738 4807 41 20 des

2258 4830 69 20 Croix
2341 4832 27 19 de
2382 4831 56 20 Feu.

2284 4855 75 24 Après
2377 4860 46 16 une
2441 4856 126 20 allocution
2587 4857 31 20 du
2635 4855 95 25 délégué
2749 4857 32 19 du

2259 4880 45 20 Roi
2324 4880 24 20 et
2368 4881 24 20 la
2410 4880 98 25 réponse
2528 4882 28 20 de
2576 4882 31 20 M.
2626 4883 27 19 A.
2671 4882 108 23 Bouvier,

2258 4905 119 24 président
2390 4905 41 21 des
2444 4906 70 20 Croix
2527 4907 28 20 de
2568 4907 50 20 Feu
2632 4907 27 19 de
2673 4906 100 21 Malines

2258 4931 21 19 le
2302 4930 103 24 drapeau
2424 4931 39 20 fut
2482 4932 71 20 remis
2574 4937 43 19 par
2635 4933 21 18 le
2684 4931 95 24 général

2258 4956 41 19 Six
2313 4957 66 19 entre
2394 4957 34 20 les
2443 4957 76 19 mains
2536 4957 30 20 du
2581 4957 77 23 major
2671 4956 107 20 Bouvier.

2283 4981 33 19 Le
2336 4981 93 24 cortège
2450 4983 108 19 traversa
2577 4981 15 21 à
2612 4986 107 15 nouveau
2745 4982 34 19 les

2260 5010 54 16 rues
2329 5006 28 20 de
2372 5007 22 19 la
2409 5007 54 20 ville
2478 5011 59 19 pour
2551 5012 25 15 se
2590 5006 83 20 rendre
2688 5011 31 14 au
2733 5010 39 15 mo-

2259 5033 98 18 nument
2378 5031 40 21 des
2440 5032 74 20 morts
2535 5032 28 20 de
2584 5036 90 20 guerre.

2283 5055 38 20 Un
2334 5056 104 24 banquet
2450 5057 113 20 fraternel
2578 5062 15 14 a
2607 5056 65 20 réuni
2687 5056 93 24 l'après-

2259 5080 57 20 midi
2332 5082 34 21 les
2381 5081 70 20 Croix
2465 5084 28 19 de
2508 5082 49 19 Feu
2571 5081 114 21 malinois.

2906 226 307 77 FAIT

2858 363 42 19 Vol
2924 364 69 21 d'une
3014 364 63 19 auto.
3098 373 27 4 —
3152 363 30 20 M.
3206 364 79 22 Roger
3306 363 47 22 Ch.,

2831 388 138 21 demeurant
2984 394 40 14 rue
3039 389 89 23 Royale
3142 387 131 24 Ste-Marle,
3288 388 65 20 avait

2830 413 138 19 abandonné
2982 418 44 16 son
3041 415 57 18 auto
3113 414 85 18 devant
3213 419 30 14 un
3260 412 83 19 établis-

2831 440 90 17 sement
2945 440 27 18 de
2996 443 23 15 la
3042 437 114 21 chaussée
3186 439 14 18 d
3208 438 99 23 Haecht,
3337 437 16 19 à

2830 463 153 19 Schaerbeek.
2996 464 35 19 En
3043 465 105 22 quittant
3159 461 104 25 celui-ci,'
3269 463 30 20 M.
3312 462 40 19 Ch.

2828 492 14 13 a
2854 488 106 19 constaté
2974 494 44 18 que
3032 494 27 14 sa
3071 489 97 22 voiture,
3182 493 45 14 une
3239 488 110 20 conduite

2830 511 124 21 intérieure
2975 513 58 20 brun
3053 513 76 23 foncé,
3149 514 64 20 avait
3233 512 36 20 été
3290 513 51 19 enle-

2830 535 47 19 vée.
2898 537 81 21 L'auto
3001 538 132 23 représente
3154 543 45 15 une
3220 538 82 19 valeur
3322 537 28 18 de

2828 561 71 18 30.000
2917 562 27 19 fr.
2961 573 25 3 —
3001 564 28 21 D.

2856 592 133 21 Renversée
3012 600 43 17 par
3077 600 46 14 une
3145 595 63 20 auto.
3231 604 27 5 —
3279 594 70 19 Place

2829 615 155 27 Sainctelette,
2999 619 61 19 Mme
3074 620 120 19 Klidabeth
3209 621 37 21 P..,
3259 620 25 18 43
3298 624 49 17 an.s,

2829 639 107 23 habitant
2953 643 69 19 Place
3039 644 107 23 Simcnis,
3162 644 15 20 à
3194 645 154 22 Koekelberg,

2827 669 14 13 a
2858 663 35 21 été
2910 667 120 19 i-enverséc
3048 673 41 18 par
3104 670 71 18 l'auto
3191 675 44 18 que
3252 669 85 20 condui-

2828 688 47 21 sait
2895 689 30 23 M.
2944 690 99 23 Léopold
3062 693 50 19 Van
3132 694 37 22 T..,
3188 695 70 19 Place
3278 696 27 18 de
3324 695 23 18 la

2830 713 80 19 Reine.
2933 714 32 19 La
2987 716 93 22 victime
3102 719 39 21 qui
3163 724 14 13 a
3198 719 37 21 été
3258 719 89 19 relevée

2830 739 94 19 portant
2946 743 45 16 une
3012 745 66 14 a-sez
3098 747 71 18 grave
3190 743 104 21 blessure
3316 748 30 15 au

2829 761 71 23 front,
2922 767 14 14 a
2958 762 36 19 été
3017 765 93 23 soignée
3133 768 58 18 dans
3213 773 44 15 une
3279 769 59 23 phar-

2828 785 74 19 macie
2920 786 29 20 du
2966 788 124 22 voisinage.
3107 800 25 4 —
3147 792 26 19 D.

2823 816 86 22 Exigez.
2916 817 21 18 le
2946 818 71 18 Sucre
3026 819 96 20 Raffiné
3130 821 28 18 de
3166 823 175 22 TIRI.ËMON1

2854 846 75 19 Chute
2949 848 54 18 d'un
3024 850 165 21 niotorycliste.
3208 863 24 4 —
3252 856 91 18 Samedi

2829 871 53 24 soir,
2907 877 52 14 vers
2981 873 26 18 22
3031 873 89 24 heures,
3144 877 21 18 le
3187 877 158 25 motocycliste

2827 896 88 19 Marcel
2935 897 42 22 H..,
2998 897 25 19 41
3044 903 49 17 ans,
3113 900 111 24 employé,
3244 909 40 14 rue
3305 905 40 18 des

2828 920 110 24 Cottages
2956 921 15 19 à
2988 922 75 23 Uccle,
3083 924 83 21 roulait
3182 924 15 19 à
3212 931 65 14 assez
3294 929 51 18 vive

2827 946 73 18 allure
2919 951 90 14 avenue
3028 949 27 18 de
3074 949 23 18 la
3114 948 128 22 Couronne.
3260 952 20 17 A
3299 957 38 14 cer-

2827 970 48 20 tain
2893 974 110 21 moment,
3020 976 44 14 une
3080 973 63 22 auto,
3160 975 38 21 qui
3217 975 19 20 le
3252 975 93 23 suivait,

2828 995 20 19 le
2870 994 99 24 dépassa
2989 996 153 23 rapidement.
3161 999 42 20 H..,
3224 1004 43 18 par
3287 1000 59 19 suite

2827 1020 67 19 d'une
2917 1021 79 18 fausse
3019 1026 142 17 manœuvre,
3183 1023 90 22 hraqua
3294 1026 31 16 tre
3332 1030 14 18 p

2827 1044 167 23 brusquement
3016 1050 55 15 vers
3094 1049 22 18 la
3140 1047 74 19 droite
3238 1049 23 17 et
3285 1053 52 14 esca-

2826 1070 54 21 lada
2902 1070 20 18 le
2943 1071 100 19 trottoir.
3065 1071 30 21 Le
3116 1072 167 22 motocycliste,
3304 1077 43 18 par

2824 1094 62 20 suite
2907 1095 30 18 du
2955 1095 64 22 choc,
3038 1096 36 20 fut
3095 1096 90 23 projeté
3203 1102 42 15 sur
3264 1098 20 18 le
3304 1098 41 20 no),

2825 1125 25 13 se
2879 1119 104 19 blessant
3013 1125 66 14 as.~cz
3107 1120 145 24 grièvement
3280 1121 15 19 à
3324 1122 22 18 la

2823 1142 46 22 tête
2882 1143 22 19 et
2916 1147 45 16 aux
2972 1145 97 23 jambes.
3081 1145 17 18 Il
3112 1146 36 18 fut
3159 1145 100 19 aussitôt
3271 1146 76 19 trans.

2825 1168 66 24 porté
2911 1169 58 19 dans
2988 1174 45 15 une
3051 1170 100 23 clinique
3171 1170 51 19 d'où
3241 1171 14 18 il
3275 1177 15 13 a
3309 1170 36 21 été

2826 1194 121 20 reconduit
2967 1193 15 20 à
3000 1199 42 15 son
3065 1196 105 18 domicile
3191 1195 69 23 après
3280 1196 66 18 avoir

2824 1223 54 18 reçu
2896 1220 33 18 les
2947 1220 111 21 premiers
3077 1221 69 19 soins.
3163 1230 26 3 —
3206 1221 27 19 D.

2850 1244 44 18 Les
2908 1243 157 23 pickpockets.
3080 1255 25 4 —
3118 1245 70 19 Place
3203 1245 27 19 de
3245 1246 22 18 la
3281 1246 53 18 Mon-

2826 1268 59 22 naie,
2912 1269 30 22 M.
2969 1269 66 20 Rémi
3062 1270 41 24 N..,
3131 1271 140 18 demaurant
3304 1275 41 14 rue

2823 1293 68 23 Jolly,
2913 1292 15 20 à
2950 1294 153 22 Schaerbeek,
3124 1295 64 19 avait
3210 1295 48 22 pris
3279 1294 65 23 place

2820 1323 44 15 sur
2881 1318 23 19 la
2922 1319 146 23 plate-forme
3088 1320 28 18 de
3135 1320 115 18 l'autobus
3269 1320 73 18 allant

2822 1343 71 19 Place
2924 1343 124 23 Raymond
3078 1344 146 23 Blyckaerts.
3261 1343 83 20 Arrivé

2822 1372 98 18 presque
2936 1367 15 19 à
2967 1368 148 23 destination,
3131 1370 30 20 M.
3177 1369 40 19 N...
3234 1370 107 18 constata
3354 1361 3 32 j

2820 1397 45 18 que
2880 1393 103 22 pendant
2998 1394 20 18 le
3034 1394 71 23 trajet
3119 1399 30 14 on
3165 1394 31 19 lui
3211 1394 65 21 avait
3291 1394 36 18 vol

2822 1422 43 14 son
2889 1418 145 22 portefeuille
3057 1420 126 18 contenant
3206 1419 38 18 340
3267 1419 29 19 fr.
3320 1424 10 13 €

2822 1442 39 17 d->^
2880 1442 92 19 n-'niprri
2991 1443 127 20 d'affaires.
3135 1455 24 2 —
3178 1444 26 21 D.

3406 363 20 18 A
3443 363 104 21 Bocholt.
3564 375 27 5 —
3608 366 76 21 Noces
3699 370 29 19 de
3744 370 114 21 diamant
3874 382 28 6 —

3380 387 32 18 La
3427 393 123 17 commune
3566 391 27 18 de
3609 392 98 20 Bocholt
3720 402 12 13 6
3734 399 40 15 era
3789 401 29 14 en
3832 396 69 20 liesse

3381 413 110 21 vendredi
3516 420 15 13 a
3554 415 124 21 l'occasion
3703 419 39 19 dee
3772 425 71 15 noces
3873 422 28 19 de

3379 438 105 20 diamant
3498 440 40 19 des
3551 439 74 24 époux
3638 442 73 20 Henri
3725 444 132 25 Vrancken,
3870 446 29 19 né

3379 467 15 14 a
3415 463 98 21 Bocholt
3532 466 20 18 le
3570 466 12 18 2
3601 466 77 22 juillet
3697 468 51 19 1852
3769 474 23 18 et
3810 470 90 20 Hélène

3378 486 80 25 Vreys,
3475 488 42 20 née
3533 489 16 19 à
3565 490 116 25 Overpelt,
3697 494 21 19 le
3735 494 24 19 13
3776 495 57 21 août
3848 496 52 19 1853

3379 514 24 18 et
3418 513 86 22 mariés
3522 514 15 19 à
3554 515 98 23 Bocholt
3670 518 20 18 le
3707 518 25 19 31
3751 520 47 18 mai
3816 521 57 18 1875.

3406 537 43 20 Les
3470 539 121 22 jubilaires
3611 543 42 17 ont
3673 550 12 13 e
3686 547 15 14 u
3723 544 60 19 seize
3805 545 95 20 enfants

3379 563 56 19 dont
3455 568 56 15 onze
3527 567 55 18 sont
3602 571 83 15 encore
3704 572 28 15 en
3752 569 42 22 vie.
3813 569 33 20 La
3865 570 25 19 fa-

3380 588 62 18 mille
3469 590 93 22 compte
3587 591 168 22 soixante-huit
3781 594 110 23 petits-en-

3376 613 65 18 fants
3456 616 23 17 et
3492 617 53 21 sept
3559 614 281 25 arrière-petits-enfante.
3854 620 44 19 Les

3378 637 121 24 jubilaires
3525 639 115 22 jouissent
3673 642 67 19 d'une
3770 644 129 19 excellente

3376 661 74 21 santé.
3467 663 18 19 II
3502 668 16 18 y
3534 669 59 14 aura
3611 669 45 15 une
3672 671 76 15 me.-;se
3765 668 132 19 solennelle.

3376 688 61 18 Tout
3456 688 20 18 le
3497 688 84 23 village
3602 694 22 17 et
3642 693 95 17 surtout
3757 693 20 18 le
3797 692 100 20 hameau

3377 713 139 18 «Gcolders-
3532 719 55 14 sera
3606 714 101 23 pavoisé.

3400 751 20 19 A
3435 751 72 23 Bury.
3521 761 27 4 —
3563 750 109 21 Collision
3687 754 98 20 d'autos.
3799 765 27 4 —
3838 756 50 19 Ven-

3374 777 72 22 dredi,
3464 775 16 20 à
3497 776 26 19 18
3539 776 29 23 h.,
3587 781 45 15 une
3649 778 106 19 collision
3772 779 56 21 s'est
3845 785 44 17 pro-

3374 802 63 19 duite
3453 800 15 20 à
3481 802 168 23 l'intersection
3665 803 40 18 des
3721 805 78 18 routes
3814 805 83 19 Leuze-

3374 826 118 20 Péruvvelz
3515 829 23 18 et
3560 827 93 18 Tourna
3657 827 83 21 i-Mons
3761 831 68 20 entre
3852 834 44 14 une

3373 853 56 18 auto
3445 850 85 26 pilotée
3544 856 43 18 par
3602 851 31 20 M.
3647 852 59 19 Paul
3721 853 131 25 Baumann,
3869 855 27 19 de

3373 877 128 21 Bruxelles,
3518 878 88 19 venant
3626 877 28 19 de
3672 876 119 21 Péruwelz
3809 883 24 18 et
3851 884 45 14 une

3374 903 55 18 auto
3450 901 84 25 pilotée
3553 907 45 18 par
3617 902 30 19 M.
3667 902 119 23 Alphonse
3805 904 92 19 Caster-

3372 931 60 18 man,
3449 928 164 23 représentant
3627 927 28 20 de
3669 932 130 16 commerce
3813 929 16 20 à
3843 930 56 19 Fra-

3372 952 90 21 meries.
3480 954 31 19 Le
3529 954 58 19 choc
3606 953 38 19 fut
3662 954 93 19 violent.
3771 955 32 19 Le
3822 955 66 23 repré-

3374 977 95 20 sentant
3490 980 28 17 de
3540 982 131 15 commerce
3693 978 38 19 fut
3752 978 67 20 lancé
3841 979 55 19 hors

3375 999 27 18 de
3420 1001 6 18 ]
3428 1009 13 13 a
3460 1003 91 20 voiture
3569 1003 61 20 mais
3649 1008 28 15 ne
3697 1003 38 20 fut
3752 1008 43 18 pae
3813 1003 82 20 blessé.

3376 1023 42 20 Les
3441 1026 59 19 deux
3522 1029 68 18 autos
3613 1031 54 18 sont
3690 1027 49 20 très
3762 1028 125 19 endomma-

3373 1052 61 17 gées.

3401 1072 32 19 La
3453 1076 160 20 gendarmerie
3634 1078 28 20 de
3682 1076 121 21 Péruwelz
3822 1083 15 14 a
3856 1082 30 15 ou-

3375 1098 51 18 vert
3444 1103 43 16 une
3504 1101 103 23 enquête.

3636 1142 249 83 yutss

2836 1485 481 32 COFFRES-FORTS

2872 1528 25 18 et
2919 1527 161 20 SERRURES
3102 1529 29 17 de
3153 1528 122 19 SURETE

2840 1550 74 24 UPS,
2934 1551 45 23 222,
3003 1556 41 15 rue
3065 1552 96 23 Royale,
3183 1552 128 19 BmxeUeaL

2846 1600 44 18 Les
2902 1599 49 20 vols
2963 1600 60 19 dans
3036 1599 207 24 l'agglomération.
3254 1610 29 4 —
3293 1600 49 19 Des

2819 1624 118 21 individus
2952 1626 41 18 ont
3009 1624 95 23 pénétré
3120 1627 58 18 dans
3192 1626 24 18 la
3232 1627 109 18 demeure

2821 1649 27 21 de
2867 1649 62 19 Mme
2948 1650 83 18 Louise
3048 1650 52 19 Van
3118 1650 37 22 Z..,
3174 1655 90 14 avenue
3281 1650 59 18 Paul

2818 1674 96 22 Janson,
2930 1673 15 20 à
2959 1675 149 19 Anderlecht.
3123 1676 32 18 Le
3171 1675 160 19 rez-de-chaus-

2819 1698 38 21 sée
2877 1699 28 18 de
2923 1700 22 18 la
2964 1698 91 21 maison
3074 1707 14 13 a
3105 1699 37 19 été
3159 1699 181 24 complètement

2819 1723 80 19 fouillé
2915 1726 23 18 et
2954 1724 39 21 des
3008 1724 75 23 objets
3100 1725 27 19 de
3142 1725 82 20 valeur
3239 1725 44 19 tels
3299 1725 40 18 des

2818 1748 122 21 caissettes
2958 1754 27 14 en
3002 1751 82 21 argent
3100 1752 24 18 et
3140 1750 39 19 des
3196 1750 99 19 bibelots
3311 1754 28 14 en

2819 1774 84 18 bronze
2922 1776 41 18 ont
2983 1773 36 19 été
3038 1773 70 22 volés.
3127 1775 60 18 D'un
3207 1773 132 23 secrétaire,

2816 1797 28 20 ils
2855 1798 41 19 ont
2908 1797 79 20 enlevé
2999 1802 44 15 une
3055 1803 88 14 somme
3155 1800 28 18 de
3194 1799 39 19 400
3244 1800 29 18 fr.
3274 1810 26 3 —
3310 1799 28 21 D.

2845 1833 27 3 —
2885 1823 137 22 Dimanche,
3045 1828 53 15 vers
3122 1824 12 18 2
3159 1824 21 19 h.
3206 1825 29 18 du
3259 1823 81 23 matin,

2819 1849 59 19 deux
2896 1848 148 21 malfaiteurs
3063 1850 41 18 ont
3122 1848 37 19 été
3178 1848 114 24 dérangés
3308 1854 31 16 au

2818 1875 104 19 moment
2941 1872 30 21 où
2991 1874 28 18 ils:
3038 1873 117 19 tentaient
3173 1874 28 18 de
3221 1874 118 19 fracturer

2818 1898 25 19 la
2857 1899 66 21 porte
2941 1899 52 19 d'un
3011 1898 130 21 immeuble,
3157 1897 15 20 à
3189 1899 104 19 l'avenue
3311 1899 28 18 de

2817 1923 70 21 Jette,
2908 1922 15 19 à
2943 1922 154 23 Koekelberg.
3123 1923 44 18 Les
3192 1923 146 19 malandrins

2817 1950 53 18 sont
2887 1952 117 18 parvenus
3020 1947 16 19 à
3052 1948 100 23 prendre
3169 1948 23 18 la
3207 1948 59 19 fuite
3282 1953 56 14 sans

2817 1972 50 19 être
2886 1977 121 15 reconnus.
3023 1982 28 4 —
3067 1973 28 18 D.

2841 2007 27 4 —
2880 1997 36 19 Au
2933 1996 126 21 détriment
3075 1998 40 18 des
3131 1996 74 24 époux
3221 1998 40 20 B..,
3276 1998 61 18 d'Et-

2818 2022 101 22 terbeek,
2939 2023 40 18 des
3000 2022 146 19 malandrins
3166 2023 41 17 ont
3227 2021 50 20 volé
3299 2022 39 19 des

2817 2047 75 23 objets
2916 2047 159 23 d'argenterie,
3100 2048 40 19 des
3161 2045 131 22 vêtements
3316 2047 22 20 et

2817 2072 40 20 des
2878 2071 137 22 économies.
3034 2081 26 4 —
3079 2072 26 18 E.

2842 2102 52 20 Une
2909 2102 126 20 entôleuse.
3051 2113 26 3 —
3095 2103 29 19 M.
3142 2103 65 19 Jules
3223 2103 35 22 D.,
3274 2102 54 19 habi-

2816 2127 52 19 tant
2881 2127 56 20 Lille
2955 2128 111 19 (France)
3081 2133 26 15 ee
3120 2130 112 19 trouvant
3245 2129 28 18 de
3286 2132 42 19 pas-

2815 2157 56 18 sage
2884 2151 14 20 à
2914 2152 126 22 Bruxelles,
3055 2153 64 20 avait
3133 2153 45 19 fait
3193 2153 22 18 la
3231 2152 96 19 connais-

2816 2181 70 15 sance
2899 2182 47 14 aux
2960 2177 109 20 environs
3085 2178 27 19 de
3128 2183 22 18 ]a
3165 2177 89 20 Bourse
3270 2177 68 19 d'une

2816 2202 69 22 jeune
2904 2202 93 19 femme.
3014 2202 36 18 En
3067 2208 28 13 sa
3114 2202 138 23 compagnie
3271 2203 16 18 il
3307 2202 21 19 vi-

2813 2226 47 20 sita
2878 2227 114 24 plusieurs
3011 2226 194 20 établissements.
3220 2227 66 19 Dans
3304 2231 31 14 un

2815 2250 51 20 café
2887 2252 27 20 de
2933 2252 104 18 l'avenue
3056 2252 28 19 de
3102 2253 22 19 la
3143 2252 86 19 Toison
3249 2252 55 19 d'Or
3320 2250 16 20 à

2816 2276 88 23 Ixeiles,
2924 2277 22 19 la
2966 2277 69 22 jeune
3057 2277 86 18 femme
3164 2282 25 15 se
3209 2277 77 19 rendit
3305 2280 30 15 au

2815 2301 106 22 lavatory
2935 2303 60 18 mais
3011 2301 112 23 disparut.
3138 2301 62 19 C'est
3214 2302 64 20 alore
3292 2305 44 19 que

2815 2326 21 18 le
2854 2326 113 23 Français
2988 2327 109 18 constata
3117 2326 82 23 qu'elle
3218 2326 33 19 lui
3271 2326 64 18 avait

2816 2351 50 20 volé
2884 2355 41 15 son
2945 2351 145 24 portefeuille
3107 2351 129 20 contenant
3251 2351 39 19 225
3307 2351 29 18 fr.

2814 2375 77 23 belges
2911 2377 23 18 et
2952 2376 38 19 150
3008 2376 29 19 fr.
3055 2375 112 23 français.
3184 2386 28 4 —
3227 2376 29 18 D.

2808 2406 43 19 Les
2871 2407 118 23 fromages
3008 2407 55 19 Max
3083 2410 54 17 sont
3156 2407 34 18 les
3210 2407 124 19 meilleurs.

2841 2438 36 18 Un
2900 2437 97 24 cycliste
3018 2443 55 15 sous
3094 2444 47 13 une
3162 2438 63 21 auto.
3246 2449 24 4 —
3296 2439 30 19 Sa-

2814 2462 60 19 medi
2896 2463 53 23 soir,
2969 2468 30 14 en
3021 2464 135 19 traversant
3177 2464 23 18 la
3222 2463 112 21 chaussée

2815 2488 27 18 de
2859 2487 110 21 Louvain,
2986 2488 21 19 le
3024 2488 96 23 cycliste
3136 2489 35 18 De
3188 2489 36 22 M.,
3243 2489 82 18 demeu-

2817 2512 53 18 rant
2888 2511 15 20 à
2921 2512 92 21 Wavre,
3032 2519 14 13 a
3064 2512 37 20 été
3119 2512 113 20 accroché
3250 2519 45 17 par
3312 2514 24 17 la

2815 2536 90 19 voiture
2937 2542 44 18 que
3014 2537 109 23 dirigeait
3154 2538 22 19 le
3208 2539 128 17 chauffeur

2814 2561 74 19 Emile
2907 2562 40 22 D..,
2968 2562 107 20 habitant
3093 2562 15 19 à
3126 2563 102 21 Hasselt.
3248 2563 31 19 Le
3298 2567 28 18 cy-

2814 2587 65 18 cliste
2898 2593 14 13 a
2931 2586 36 20 été
2986 2586 75 21 relevé
3080 2592 56 15 avec
3155 2587 40 20 des
3213 2587 111 19 meurtris-

2812 2615 66 15 sures
2898 2610 15 20 à
2933 2612 22 20 la
2974 2611 47 20 tête
3041 2612 24 20 et
3083 2611 76 20 blessé
3178 2611 15 20 à
3212 2613 23 18 la
3254 2612 79 22 jambe

2814 2636 95 22 gauche.
2929 2636 46 19 Des
2996 2636 63 19 soins
3078 2637 32 18 lui
3129 2638 41 18 ont
3190 2636 36 19 été
3246 2635 88 20 donnés

2815 2661 56 19 dans
2886 2665 44 15 une
2944 2661 161 23 polyclinique.
3119 2662 20 18 U
3153 2666 24 14 se
3193 2662 75 22 plaint
3283 2660 42 23 éga-

2813 2686 87 18 lement
2936 2686 28 19 de
2999 2686 109 19 douleurs
3145 2687 58 18 dans
3236 2685 98 23 l'épaule

2814 2710 79 19 droite.
2909 2721 27 4 —
2949 2711 27 18 E.

2841 2735 169 23 Cambriolage.
3034 2745 28 4 —
3085 2735 109 21 Pendant
3220 2735 116 19 l'absence

2814 2760 40 19 des
2877 2760 75 23 époux
2974 2761 42 21 H...
3040 2765 40 15 rue
3104 2761 27 18 de
3154 2761 24 18 la
3200 2760 78 22 Poste,
3301 2764 32 15 un

2815 2785 129 19 audacieux
2970 2785 138 19 malfaiteur
3138 2786 57 19 s'est
3221 2785 114 19 introduit

2813 2810 57 19 dans
2888 2810 50 20 îeur
2953 2810 132 19 habitation
3102 2811 23 20 et
3141 2815 14 14 a
3174 2809 104 24 emporté
3294 2810 39 18 650

2814 2835 78 19 francs
2910 2837 22 18 et
2950 2835 49 20 des'
3005 2834 137 21 vêtements.
3158 2844 28 6 —
3200 2835 26 20 E.

2838 2859 35 19 On
2890 2866 15 13 a
2921 2859 79 23 perdu.
3016 2869 27 3 —
3058 2860 36 19 Au
3111 2865 68 14 cours
3198 2860 67 20 d'une
3282 2863 42 19 pro-

2813 2884 104 22 menade,
2933 2883 126 20 boulevard
3075 2884 128 21 St-Michel,
3219 2885 63 18 Mme
3296 2884 38 22 C,

2817 2909 135 19 demeurant
2985 2914 90 14 avenue
3108 2910 40 18 des
3179 2909 116 21 Semeurs,
3322 2913 14 15 a

2813 2934 103 21 constaté
2929 2936 23 18 la
2966 2934 137 23 disparition
3117 2935 53 19 d'un
3185 2935 63 19 riche
3261 2934 71 23 bijou.

2813 2967 27 5 —
2856 2958 26 20 E.

2839 2993 27 4 —
2879 2983 34 19 En
2940 2984 137 23 regagnant,
3103 2983 88 20 samedi
3221 2984 56 21 soir,
3305 2988 28 14 sa

2816 3008 111 20 demeure.
2948 3009 63 19 Mme
3029 3009 43 20 H...
3094 3008 130 21 domiciliée
3243 3013 90 15 avenue

2814 3032 149 24 Clémentine,
2981 3040 14 14 a
3014 3035 107 19 constaté
3139 3038 44 18 que
3201 3039 29 15 ea
3247 3033 85 19 broche

2812 3063 29 14 en
2855 3058 94 23 platine,
2962 3059 72 20 sertie
3050 3060 28 19 de
3094 3059 75 23 perles
3185 3059 67 22 fines,
3268 3058 64 21 avait

2814 3083 99 22 disparu.
2930 3093 27 4 —
2974 3083 28 19 E.

2839 3108 62 20 Mort
2923 3108 60 19 dans
3005 3114 42 14 son
3070 3107 62 22 bain.
3155 3118 26 4 —
3202 3107 129 20 Dimanche

2812 3133 73 18 matin
2901 3138 29 14 on
2947 3138 15 14 a
2978 3132 81 20 trouvé
3076 3133 101 19 Ernesto
3193 3134 135 21 Baldasary,

2806 3157 99 22 'Italien,
2929 3158 27 19 24
2981 3163 51 17 ans,
3059 3158 138 22 demeurant
3224 3163 40 15 rue
3296 3158 35 18 De

2812 3182 90 22 Wandi,
2918 3182 103 20 inanimé
3038 3184 59 18 dans
3111 3189 28 16 ea
3153 3183 126 23 baignoire.
3294 3182 35 19 On

2813 3212 99 18 suppose
2932 3213 44 17 que
2996 3208 133 23 Baldasary
3148 3213 58 14 aura
3227 3206 35 21 été
3282 3206 48 24 pris

2811 3233 27 18 de
2849 3237 102 18 syncope
2964 3233 23 19 et
2999 3233 53 22 qu'il
3066 3239 54 15 eera
3133 3231 69 26 glissé
3216 3234 57 19 dans
3285 3236 42 15 son

2810 3257 59 23 bain,
2883 3262 26 15 ee
2923 3258 88 23 ncyant
3024 3259 67 18 pinsi.
3104 3268 27 4 —
3145 3258 26 18 D.

2838 3282 50 19 Une
2911 3281 142 21 automobile
3077 3288 25 14 se
3124 3286 115 16 renverse.
3261 3291 27 4 —
3308 3280 20 19 A

2811 3307 82 23 l'angle
2913 3307 28 20 de
2959 3308 104 20 l'avenue
3084 3309 40 18 des
3142 3307 99 19 Nations
3260 3307 22 18 et
3300 3305 27 18 de

2810 3332 103 19 l'avenue
2931 3333 29 18 du
2978 3333 80 23 Congo
3075 3334 59 18 deux
3149 3332 67 18 autos
3232 3329 94 21 allaient

2809 3358 79 19 entrer
2903 3362 28 13 en
2947 3357 105 19 collision
3068 3358 91 21 lorsque
3174 3357 59 17 l'une
3249 3354 76 19 d'elles

2791 3387 4 16 I
2809 3386 67 14 versa
2895 3386 41 15 sur
2953 3382 20 21 le
2990 3382 70 22 flanc.
3078 3381 99 23 Léopold
3196 3379 129 24 Opbroekx,

2809 3406 25 19 57
2852 3411 49 15 ans.
2919 3406 107 21 habitant
3044 3406 15 19 à
3076 3404 149 24 Overyssche,
3243 3406 38 20 qui
3301 3406 24 15 se

2810 3431 102 19 trouvait
2934 3432 57 19 dans
3011 3432 22 19 la
3053 3431 90 18 voiture
3163 3427 127 22 renversée,
3311 3432 14 14 a

2809 3455 36 19 été
2863 3455 144 24 grièvement
3023 3456 74 20 blessé
3114 3454 15 19 à
3144 3455 23 18 la
3182 3452 46 21 tête
3246 3455 22 18 et
3283 3456 42 14 sur

2810 3482 51 18 tout
2883 3481 19 19 le
2924 3486 73 17 corps.
3017 3481 18 20 Il
3057 3481 37 18 fut
3113 3477 132 24 transporté
3267 3477 50 19 d'ur-

2810 3509 72 18 gence
2904 3504 15 20 à
2941 3505 102 23 l'hôpital
3066 3503 29 21 où
3118 3508 40 14 son
3182 3502 48 22 état
3252 3508 14 13 a
3289 3500 36 20 été

2805 3529 55 24 jugé
2873 3535 77 17 grave.
2962 3529 81 19 L'auto
3056 3530 45 20 qui.
3115 3534 26 15 en
3154 3528 104 19 freinant
3270 3527 53 18 trou

2808 3554 173 23 brusquement,
3003 3559 15 13 a
3040 3552 36 22 été
3099 3551 129 24 renversée,
3251 3558 14 14 a
3288 3550 37 20 été

2807 3579 127 20 fortement
2950 3576 171 25 endommagée.
3137 3577 35 19 On
3189 3577 80 23 ignore
3285 3577 38 22 qui

2808 3604 35 19 est
2857 3603 148 23 responsable
3021 3603 26 20 de
3061 3603 37 19 cet
3112 3601 113 20 accident.
3239 3602 34 18 La
3286 3605 31 19 po-

2807 3628 43 19 lice
2871 3634 14 13 a
2904 3628 82 18 ouvert
3005 3632 44 13 une
3070 3626 104 23 enquête.
3193 3636 27 4 —
3237 3626 28 19 D.

2835 3651 108 21 Collision
2962 3651 66 20 entre
3047 3651 63 19 tram
3129 3651 25 19 et
3173 3650 57 20 vélo.
3249 3661 27 4 —
3293 3651 33 18 Le

2806 3677 96 22 cycliste
2920 3677 81 18 Albert
3020 3676 109 22 Balcaen,
3148 3676 25 19 25
3193 3680 49 18 ans,
3261 3674 55 20 habi-

2807 3703 52 19 tant
2879 3706 40 14 rue
2939 3701 112 22 François
3071 3700 124 22 Smolders,
3215 3700 16 20 à
3249 3701 77 18 Wolu-

2805 3726 186 23 we-St-Etienne,
3011 3725 87 20 suivait
3118 3727 24 18 la
3163 3730 41 15 rue
3224 3725 101 19 Antoine

2805 3750 124 22 Dansaert,
2946 3750 37 19 En
3000 3750 97 20 voulant
3115 3749 110 24 dépasser
3241 3756 31 14 un
3289 3755 28 14 ca-

2805 3775 62 18 mion
2883 3780 28 16 en
2925 3775 191 24 stationnement,
3133 3776 15 20 il
3163 3781 15 14 a
3192 3774 36 20 été
3245 3774 79 21 coincé

2805 3800 65 18 entre
2887 3804 32 14 un
2937 3802 115 21 tramway
3068 3801 89 18 venant
3174 3806 28 16 en
3222 3805 53 16 sens
3292 3801 23 19 in-

2799 3828 72 15 verse.
2892 3824 32 19 Le
2945 3824 95 23 cycliste
3062 3825 38 19 fut
3121 3825 91 23 projeté
3235 3825 29 19 de
3285 3830 43 14 son

2805 3848 52 20 vélo
2878 3851 24 18 et
2923 3849 67 19 roula
3009 3854 56 14 sous
3087 3851 24 18 la
3134 3852 139 18 roue-avant
3295 3850 30 19 du

2806 3876 120 20 tramway.
2961 3874 20 19 Il
3004 3875 37 19 fut
3064 3874 88 24 dégagé
3189 3875 137 23 gravement

2804 3898 75 20 blessé
2900 3898 15 20 à
2935 3899 24 19 la
2979 3898 48 21 tête
3049 3900 23 19 et
3094 3900 96 19 conduit
3210 3900 16 19 à
3246 3899 70 24 l'hôpi-

2800 3924 33 19 tal
2856 3924 96 19 St-Jean
2974 3923 28 20 où
3024 3925 16 18 il
3062 3931 14 14 a
3098 3924 36 20 été
3155 3925 123 19 maintenu
3300 3930 28 14 en

2804 3948 142 22 traitement.
2959 3958 26 4 —
2997 3949 28 19 D.

2831 3973 77 19 Noces
2927 3974 55 19 d*or.
3001 3983 27 4 —
3045 3974 44 20 Les
3110 3974 75 23 époux
3204 3975 122 23 Cleyman-

2804 3998 55 23 Tay,
2872 3998 105 23 Impasse
2991 3999 27 20 de
3030 4000 23 18 la
3065 3998 100 24 Poupée,
3178 4005 22 15 n.
3212 4001 19 21 4,
3243 4000 82 20 seront

2807 4028 66 18 reçus
2893 4022 16 20 à
2929 4023 84 20 l'Hôtel
3035 4024 27 19 de
3081 4024 60 20 Ville
3161 4025 21 21 le
3201 4025 92 19 samedi
3314 4025 13 19 8

2805 4048 49 23 juin
2869 4048 57 24 1935.
2940 4048 15 19 à
2968 4048 123 20 l'occasion
3107 4051 29 18 du
3151 4049 174 24 cinquantième

2806 4073 159 19 anniversaire
2981 4075 33 19 .de
3033 4074 52 20 leur
3103 4074 112 24 mariage.

2829 4098 21 19 A
2865 4098 134 20 Brusthem.
3013 4108 27 5 —
3055 4099 51 19 Une
3120 4100 75 18 vache
3209 4099 66 21 volée
3288 4100 38 20 est

2807 4122 123 22 retrouvée
2948 4128 44 20 par
3009 4123 24 20 la
3051 4124 169 23 gendarmerie.
3239 4135 27 4 —
3290 4125 37 19 Un

2804 4148 90 20 certain
2910 4149 40 19 R...
2966 4148 130 20 marchand
3113 4150 27 19 de
3156 4150 114 24 bestiaux,
3288 4151 28 18 do-

2804 4172 86 20 micilié
2908 4172 15 20 à
2941 4173 302 24 Brusthem-lez-St-Trond,
3261 4174 64 20 avait

2806 4197 81 21 acheté
2909 4199 110 19 vendredi
3042 4198 135 24 après-midi
3200 4205 45 14 une
3267 4200 58 18 belle

2805 4223 79 23 vache.
2898 4223 92 21 Samedi
3004 4224 75 19 matin
3093 4225 43 19 elle
3148 4225 36 19 fut
3198 4225 70 19 saisie
3282 4229 44 19 par

2805 4249 23 19 la
2848 4248 162 23 gendarmerie
3032 4249 28 19 de
3080 4249 162 21 Saint-Trond.
3261 4250 54 18 L'en-

2804 4272 68 24 quête
2888 4273 65 20 avait
2966 4275 88 21 prouvé
3071 4279 45 18 que
3131 4275 23 18 la
3170 4275 74 19 vache
3260 4274 64 19 avait

2806 4296 36 22 été
2866 4297 72 24 volée,
2962 4303 43 20 par
3028 4303 32 15 un
3085 4299 109 19 habitant
3217 4300 28 19 de
3269 4299 55 19 Moll

2807 4323 58 19 dans
2886 4328 45 15 une
2953 4323 86 24 prairie
3061 4324 28 21 de
3110 4324 88 20 Bladel.
3220 4324 32 20 Le
3273 4328 43 18 pro-

2806 4346 109 25 priétaire
2934 4348 27 21 de
2977 4351 23 19 la
3017 4348 52 22 bête
3087 4355 14 13 a
3118 4348 36 21 été
3172 4348 74 21 averti
3262 4350 25 19 et
3302 4349 23 18 le

2804 4373 81 19 voleur
2899 4372 83 21 arrêté.
2999 4373 34 20 La
3047 4375 73 18 vache
3134 4378 55 18 sera
3206 4373 87 21 rendue
3309 4372 15 20 à

2806 4403 41 15 son
2867 4397 159 23 propriétaire.

2831 4423 20 18 A
2864 4423 152 19 Wasmes-Au
3018 4423 52 19 dem
3072 4422 110 20 etz-Briff
3182 4423 50 21 oeil.
3246 4432 28 6 —
3287 4423 37 20 Un

2805 4447 128 21 dénicheur
2950 4449 30 19 de
2996 4447 54 20 nids
3067 4447 82 23 blessé.
3166 4458 28 4 —
3209 4448 38 21 Un
3266 4448 58 24 petit

2806 4472 90 24 écolier,
2918 4473 91 20 Hilaire
3031 4473 101 21 Soudan,
3155 4472 56 20 était
3234 4471 90 24 grimpé

2805 4503 40 14 sur
2857 4502 32 15 un
2902 4498 68 19 arbre
2984 4502 60 19 pour
3056 4498 146 23 s'accaparer
3215 4497 53 19 d'un
3282 4497 40 20 nid

2806 4523 123 20 d'oiseaux.
2947 4523 31 19 Le
2994 4523 59 22 petit
3073 4522 132 23 imprudent
3223 4522 37 20 fut
3278 4522 37 19 tra-

2803 4549 24 18 hi
2846 4553 44 18 par
2906 4554 38 14 ses
2961 4548 77 20 forces
3056 4549 23 19 et
3097 4548 80 19 tomba
3194 4552 40 14 sur
3251 4548 22 20 le
3291 4548 33 20 sol

2806 4572 29 21 où
2853 4577 30 15 on
2900 4573 22 19 le
2941 4577 106 18 ramassa
3064 4572 167 21 sérieusement
3248 4570 74 21 blessé

2805 4602 47 16 aux
2868 4597 97 24 jambes.

3464 1238 153 38 (SAVOIE)
3640 1244 163 38 (FRANCE)

3473 1280 89 31 Guérit
3576 1282 24 29 le
3616 1283 174 36 Rhumatisme

3458 1321 47 31 Ses
3523 1323 143 32 Nouveaux
3683 1326 122 35 Thermes

3427 1363 69 31 Tous
3513 1365 39 30 les
3569 1366 108 31 Plaisirs
3695 1368 140 40 Nautiques

3465 1432 15 10 ,
3500 1407 135 31 GRANDE
3658 1409 106 31 PLAGE

3441 1447 46 31 DU
3510 1449 63 31 LAC
3598 1451 45 31 DU
3666 1451 157 33 BOURGET

3568 1492 130 32 GOLF

3542 1534 57 19 Prix
3618 1535 101 24 adaptés

3458 1562 48 15 aux
3527 1559 132 21 conditions
3682 1562 119 19 actuelles.

2307 5139 46 32 UN
2377 5140 177 32 K0LKH0SE
2577 5139 147 31 DETRUIT

2254 5193 50 27 par
2319 5193 36 22 un
2372 5182 117 32 incendie
2506 5194 33 20 en
2555 5182 92 31 Russie
2664 5181 115 32 centrale

2528 5246 101 19 M-cecou.
2653 5245 25 20 26
2699 5245 54 19 mai.

2279 5270 37 19 On
2340 5270 85 20 mande
2450 5270 127 20 d'Ivanovo
2602 5270 96 21 (Russie
2723 5270 48 19 Cen-

2252 5294 70 22 trale)
2338 5300 45 19 que
2396 5300 45 19 par
2454 5295 61 22 suite
2529 5296 28 19 de
2571 5293 166 24 l'imprudence
2750 5293 29 21 de

2252 5319 102 21 certains
2371 5320 127 24 habitants,
2516 5324 32 15 un
2564 5318 106 20 incendie
2685 5324 16 15 a
2718 5323 52 15 com-

2252 5343 127 24 plètement
2398 5344 88 20 détruit
2506 5350 33 15 un
2559 5343 119 20 Kolkhose
2698 5343 81 24 appelé

2254 5368 136 24 Boudenny,
2415 5368 62 21 situé
2502 5374 47 15 aux
2571 5369 110 19 environs
2704 5369 28 19 de
2754 5370 24 19 la

2251 5394 55 19 ville
2323 5394 124 20 d'Ivanovo
2466 5396 23 19 et
2507 5394 109 24 composé
2633 5395 28 21 de
2679 5395 26 19 54
2723 5396 47 19 mal-

2251 5423 62 14 sons.

2267 5458 2 12 1
2278 5443 36 20 On
2330 5444 91 25 signale
2439 5443 91 26 jusqu'à
2545 5442 96 27 présent
2658 5447 45 20 que
2720 5445 59 19 deux

2253 5468 98 20 femmes
2365 5469 42 20 ont
2422 5468 36 20 été
2472 5467 92 23 brûlées
2577 5469 72 19 vives.
2663 5469 51 20 Une
2728 5473 44 20 par-

2253 5493 32 19 tie
2301 5493 33 20 du
2347 5492 71 22 bétail
2433 5499 17 15 a
2465 5493 36 21 été
2516 5492 142 22 carbonisée.

3397 1621 21 18 A
3440 1621 145 25 Seevergem.
3606 1634 28 5 —
3654 1625 95 20 Suicide
3769 1626 56 20 d*nn
3844 1627 36 20 fos-

3369 1650 90 18 soyeur.
3475 1657 27 4 —
3519 1648 32 19 Le
3568 1652 99 20 parquet
3684 1651 29 18 de
3729 1651 68 20 Gand
3813 1660 15 13 a
3843 1652 45 19 fait

3371 1676 44 14 une
3435 1672 108 21 descente
3561 1673 15 19 à
3595 1674 138 25 Seevergem
3753 1675 16 20 à
3788 1678 24 18 la
3830 1677 59 19 suite

3369 1696 29 18 du
3412 1697 90 19 suicide
3517 1698 31 19 du
3562 1699 122 23 fossoyeur
3699 1702 30 18 du
3744 1701 92 24 village.

3395 1720 72 19 Denis
3480 1722 65 25 Leys,
3558 1723 43 24 âgé
3615 1727 28 17 de
3656 1726 26 19 58
3694 1732 50 18 ans,
3759 1728 131 20 demeurait

3368 1751 57 13 avec
3441 1751 42 14 son
3499 1748 40 18 fils
3554 1748 43 23 âgé
3614 1750 13 18 d
3630 1757 11 14 e
3655 1751 25 18 22
3694 1756 49 16 ans,
3758 1754 24 18 et
3796 1759 28 14 ea
3839 1754 50 18 fille

3371 1771 58 19 dans
3452 1776 45 15 une
3519 1773 72 22 petite
3612 1775 91 19 maison
3726 1777 27 18 de
3775 1783 23 18 ja
3819 1778 73 23 «Bly-

3370 1796 146 20 booniKtraat
3524 1803 17 14 ».
3560 1798 19 19 U
3596 1803 16 19 y
3629 1804 15 14 a
3663 1800 39 18 dix
3720 1806 43 13 ans
3782 1803 15 18 il
3814 1803 76 23 perdit

3370 1826 45 14 une
3436 1821 78 23 jambe
3536 1822 15 19 à
3572 1823 23 19 la
3618 1824 60 19 suite
3701 1826 53 19 d'un
3776 1827 114 20 accident.

3368 1845 120 20 L'homme
3506 1848 65 19 avait
3588 1848 45 19 hc.n
3651 1849 120 20 caractère
3789 1852 60 20 mais
3866 1857 23 15 se

3368 1871 91 20 laissait
3478 1874 53 21 trop
3551 1873 137 21 facilement
3708 1875 120 20 entraîner
3847 1882 43 18 par

3370 1896 41 19 des
3437 1897 137 19 camarades
3599 1901 39 19 qui
3665 1899 32 18 lui
3723 1900 114 20 offraient
3869 1902 22 19 la

3368 1922 88 22 goutte.

3394 1946 62 21 C'est
3475 1947 61 19 ainsi
3557 1948 55 22 qu'il
3633 1949 82 19 rentra
3734 1949 83 20 l'autre
3838 1951 52 22 jour

3368 1971 56 18 chez
3444 1972 32 19 lui
3497 1977 12 13 e
3510 1980 15 13 n
3530 1990 3 3 .
3545 1973 111 20 titubant.
3675 1974 19 18 Il
3714 1975 95 22 parvint
3828 1975 53 19 diffi-

3367 1997 110 21 cilement
3490 1996 16 19 à
3517 2002 90 18 gagner
3620 2002 42 14 son
3676 1999 27 19 lit
3717 1999 59 21 dans-
3789 2001 23 18 la
3826 2005 53 14 man-

3369 2021 68 18 sarde
3461 2023 39 20 qui
3525 2022 32 18 lui
3578 2023 91 19 servait
3692 2024 28 19 de
3742 2024 111 21 chambre
3875 2024 15 20 à

3369 2046 105 18 coucher.

3393 2070 37 20 Ne
3449 2073 21 18 le
3490 2074 88 20 voyant
3596 2077 44 17 pas
3659 2073 128 20 descendre
3803 2077 22 18 le
3843 2074 36 20 len-

3369 2095 92 19 demain
3479 2096 82 23 matin,
3580 2101 91 16 comme
3689 2098 141 24 d'habitude,
3848 2104 41 15 son

3366 2121 39 18 fils
3425 2122 83 18 monta
3527 2127 30 14 au
3576 2123 93 23 grenier
3689 2124 23 19 et
3732 2126 98 22 aperçut
3849 2130 40 15 son

3368 2144 54 23 père
3441 2146 39 22 qui
3499 2145 78 22 s'était
3595 2148 84 22 pendu.

3392 2183 21 18 A
3429 2183 157 25 Gentbrugge.
3600 2194 29 6 —
3642 2186 78 20 Noces
3734 2186 56 21 d'or.
3804 2197 28 4 —
3845 2187 43 20 Les

3366 2207 75 23 époux
3455 2209 83 20 Alfred
3552 2210 97 21 Peeters
3666 2211 24 19 et
3705 2211 115 20 Mathilde
3833 2212 55 19 Ver-

3364 2234 135 23 schraegen,
3521 2234 57 24 âgés
3599 2236 197 23 respectivement
3818 2237 28 20 de
3866 2238 24 20 79

3364 2258 24 18 et
3404 2258 25 19 78
3445 2263 50 17 ans,
3511 2259 140 22 demeurant
3666 2265 41 14 rue
3723 2261 53 19 Van
3791 2262 94 22 Houtte,

3365 2282 16 19 à
3404 2283 158 24 Gentbrugge,
3587 2287 42 18 ont
3660 2284 49 20 fêté
3741 2286 146 23 aujourd'hui

3364 2309 62 18 leurs
3445 2313 70 15 noces
3535 2309 54 21 d'or.
3608 2310 33 21 Us
3658 2310 82 21 furent
3756 2310 100 22 félicités
3872 2311 15 20 à

3366 2333 51 20 leur
3439 2333 108 22 domicile
3567 2339 44 19 par
3632 2334 114 20 l'échevin
3769 2336 27 19 de
3816 2336 72 20 l'Etat

3364 2357 53 20 civil
3433 2358 39 23 qui
3489 2360 51 18 leur
3557 2359 68 19 offrit
3640 2360 22 18 le
3679 2360 91 19 cadeau
3787 2361 98 24 d'usage.

3391 2396 20 18 A
3431 2396 154 23 Waterschei.
3605 2406 28 6 —
3652 2398 125 21 Tentative
3795 2399 30 20 de
3843 2400 35 20 sui-

3365 2421 59 20 cide.
3447 2431 28 4 —
3499 2421 103 23 Léopold
3627 2422 88 23 Urban,
3740 2423 63 24 sujet
3827 2424 53 23 polo-

3365 2446 58 23 nais,
3443 2450 121 19 voyageur
3584 2447 29 19 de
3632 2452 138 19 commerce,
3790 2454 16 14 a
3825 2449 61 20 tenté

3364 2471 27 20 de
3405 2471 88 19 mettre
3509 2471 36 18 fin
3559 2470 16 19 à
3588 2477 39 14 ses
3641 2472 72 23 jours,
3728 2478 30 15 en
3772 2479 27 16 se
3813 2474 72 20 tirant

3365 2500 45 15 une
3429 2496 62 18 balle
3513 2496 58 18 dans
3592 2497 24 18 la
3635 2496 54 20 tête.
3708 2497 82 20 Urban
3810 2499 76 19 devait

3365 2520 98 20 toucher
3482 2521 73 18 40.000
3574 2521 28 22 fr.
3624 2521 57 19 chez
3700 2527 38 16 ses
3758 2523 88 20 clients.
3866 2524 18 19 Il

3357 2549 29 14 en
3409 2545 66 19 avait
3499 2545 55 23 déjà
3576 2546 86 20 touché
3684 2547 78 22 11,000,
3786 2548 99 24 lorsqu'il

3364 2575 25 13 se
3411 2570 78 18 rendit
3511 2570 58 19 dans
3590 2576 32 14 un
3643 2571 60 20 café.
3724 2572 20 19 Il
3764 2573 57 23 joua
3839 2578 45 15 aux

3366 2594 77 19 cartes
3469 2596 24 18 et
3517 2600 16 18 y
3558 2596 77 23 perdit
3660 2597 33 18 les
3717 2597 71 20 11.000
3812 2598 30 19 fr.
3865 2599 19 19 H

3364 2624 79 17 gagna
3460 2620 63 18 alors
3541 2625 28 14 sa
3585 2620 118 24 chambre,
3722 2621 58 21 dans
3797 2622 79 20 l'inten-

3363 2644 50 19 tion
3433 2645 27 18 de
3480 2650 24 15 se
3522 2645 108 21 suicider.
3649 2646 36 19 On
3702 2646 81 23 espère
3799 2652 85 15 sauver

3364 2670 22 18 le
3408 2668 130 24 désespéré.

3359 2707 82 19 Offrez
3462 2708 15 19 â
3498 2713 43 15 vos
3560 2709 64 18 amis"
3642 2713 33 15 nn
3695 2710 157 21 abonnement
3871 2711 15 21 à

3394 2740 42 37 LA
3460 2740 142 39 LEC1URE
3624 2742 222 39 UNIVERSELLE

3387 2788 33 22 86,
3436 2788 66 19 RUE
3517 2789 45 18 DE
3577 2789 39 19 LA
3633 2789 180 24 MONTAGNE,
3829 2792 26 19 86

3371 2811 54 24 près
3443 2813 29 21 de
3488 2812 24 19 la
3527 2818 44 15 rue
3586 2813 118 27 d'Assaut,
3716 2814 16 19 à
3748 2814 122 21 Bruxelles

3383 2836 83 20 300.000
3481 2837 103 21 volumes
3597 2838 24 18 et
3632 2836 148 25 périodiques
3796 2843 29 15 en
3837 2840 37 19 lec-

3357 2862 57 19 ture.
3430 2861 72 19 Choix
3516 2866 60 17 pour
3589 2862 54 18 tous
3657 2862 35 19 les
3707 2862 63 23 âges.
3789 2864 5 3 "

3357 2887 25 19 S0
3398 2885 38 19 Fr.
3450 2885 62 20 PAR
3526 2886 43 18 AN
3581 2890 31 15 on
3627 2885 27 20 10
3668 2886 40 20 Fr.
3720 2886 65 20 PAR
3798 2887 84 20 MOIS.

3383 2910 36 20 On
3438 2910 26 19 lit
3483 2910 84 18 autant
3585 2909 70 24 qu'on
3671 2911 23 19 le
3714 2909 84 21 désire.

3382 2936 106 17 Bureaux
3501 2934 103 19 ouverts:
3618 2934 13 20 9
3644 2934 16 20 à
3672 2934 59 20 12.30
3745 2936 24 19 et
3780 2936 14 19 2
3805 2935 17 20 à
3832 2936 14 19 6
3857 2936 23 21 h.

3381 2959 57 21 Des.
3451 2958 110 20 fauteuils
3583 2958 136 21 numérotés
3743 2964 61 19 pour
3826 2961 53 18 tou*

3356 2984 33 19 les
3405 2983 103 21 théâtres
3526 2985 24 18 et
3566 2984 114 19 fauteuils
3698 2983 106 22 réservés
3819 2988 60 20 pour

3355 3010 51 17 tous
3423 3008 33 20 les
3470 3007 105 20 cinémas
3592 3013 59 16 avec
3666 3014 47 15 une
3729 3009 100 21 sensible
3838 3008 31 20 -ré-

3354 3032 93 19 duction
3469 3032 27 19 de
3517 3032 51 24 prix
3589 3035 103 21 peuvent
3713 3033 49 20 être
3781 3033 98 19 retenue

3354 3062 42 19 par
3418 3055 123 24 téléphone
3567 3058 112 21 (11.13.22)
3703 3057 92 24 jusqu'à
3817 3058 15 20 7
3856 3061 24 17 tu

3354 3083 30 18 du
3399 3081 55 19 eoir.
3472 3091 26 5 —
3518 3082 50 20 (c.).

3384 3127 20 18 A
3424 3126 75 21 Gand.
3519 3136 27 6 —
3565 3127 78 19 Noces
3660 3126 56 21 d'or.
3735 3136 28 4 —
3783 3126 95 20 Samedi

3357 3152 73 18 matin
3447 3152 58 19 trois
3522 3156 71 17 noces
3610 3152 48 19 d'or
3672 3152 83 21 furent
3771 3151 75 21 fêtées
3861 3150 17 21 à

3357 3177 67 19 Gand
3442 3181 44 18 par
3504 3177 35 20 les
3557 3175 111 24 ménages
3686 3176 119 21 suivants;

3383 3201 84 19 Michel
3487 3201 138 23 Vanighem,
3644 3201 26 19 74
3688 3206 52 18 ans,
3758 3202 25 19 et
3802 3201 75 20 Marie

3356 3227 51 18 Van
3426 3226 119 24 Sweefeld,
3564 3226 26 18 77
3606 3231 51 17 ans,
3678 3227 141 19 demeurant
3836 3230 41 15 ni»

3355 3252 27 18 de
3402 3251 120 23 Rooigem,
3543 3251 45 20 122,
3608 3252 41 23 qui
3669 3257 25 14 se
3714 3251 131 21 marièrent
3863 3251 15 21 à

3357 3276 248 20 Molenbeek-St-Jean.
3630 3276 33 19 Ils
3688 3278 84 18 eurent
3795 3275 82 24 quatre

3355 3301 94 19 enfants
3466 3301 57 19 dont
3540 3306 32 14 un
3590 3301 37 18 est
3643 3300 70 21 mort.

3375 3325 106 24 Auguste
3492 3326 54 19 Van
3556 3325 140 19 Hoerebske
3703 3325 25 19 et
3735 3325 86 24 Sophie
3828 3326 49 20 Ser-

3355 3350 63 23 gant,
3439 3349 56 23 âgés
3517 3351 54 18 tous
3592 3355 35 18 ]es
3649 3350 61 19 deux
3732 3350 29 19 de
3781 3350 26 20 73
3828 3355 46 18 ans,

3353 3374 109 19 habitant
3479 3379 41 15 rue
3538 3375 28 19 de
3583 3375 117 22 Courtrai,
3715 3375 33 19 44.
3764 3375 35 19 De
3814 3378 60 19 leurs

3353 3399 52 23 cinq
3420 3399 104 23 enfants,
3542 3400 61 18 deux
3617 3401 56 19 sont
3687 3404 86 16 encore
3789 3404 28 16 en
3832 3400 41 19 vie.

3378 3423 121 22 Théodore
3512 3423 98 23 Boderé,
3622 3425 26 18 74
3660 3429 44 14 ans
3718 3426 24 19 et
3753 3424 120 20 Clémence

3353 3449 108 23 Beyaert,
3482 3449 25 19 72
3528 3454 50 18 ans,
3599 3448 45 23 née
3664 3449 104 23 Prosper
3788 3449 85 24 Claeys.

3351 3474 96 22 Quatre,
3457 3474 28 20 de
3503 3475 63 19 leurs
3583 3474 55 24 cinq
3656 3475 96 19 enfants
3770 3476 54 19 sont
3839 3480 28 14 en-

3354 3504 53 14 core
3425 3504 31 15 en
3475 3499 44 19 vie.

3378 3523 125 20 L'échevin
3528 3524 29 20 de
3581 3523 67 21 l'état
3671 3524 55 20 civil
3750 3530 17 14 a
3790 3524 83 21 félicité

3354 3549 34 18 les
3409 3548 126 20 différents
3555 3547 114 25 ménages
3688 3548 16 20 à
3724 3550 62 19 leurs
3807 3548 57 20 domi-

3351 3574 57 19 ciles
3427 3574 132 23 respectifs.

3570 3599 75 20 ♦£}♦

3508 3619 76 31 Deux
3604 3622 119 29 ouvriers

3347 3667 154 31 gravement
3522 3661 102 32 blessés
3645 3674 50 26 par
3717 3675 35 18 ira
3774 3674 96 26 wagon,

3520 3707 17 29 à
3557 3704 157 32 Bouffionlx

3367 3768 46 21 (De
3429 3769 68 19 notre
3515 3770 186 22 correspondant
3716 3769 142 24 particulier)

3606 3794 127 23 Charleroi,
3750 3794 27 20 25
3794 3794 51 20 mai.

3375 3823 95 20 Samedi
3488 3824 142 24 après-midi,
3647 3830 32 14 au
3695 3830 70 15 cours
3782 3826 27 19 de
3824 3830 35 15 ma-

3349 3853 108 15 nœuvres
3478 3849 56 19 d'un
3556 3854 84 19 wagon
3674 3855 48 14 aux
3756 3850 110 20 Carrières

3350 3873 173 23 Saint-Martin,
3545 3874 16 20 à
3584 3875 145 23 Bouffioulx,
3752 3876 60 19 deux
3832 3879 27 14 ou-

3350 3898 75 19 vriers
3447 3900 41 18 ont
3510 3898 37 20 été
3567 3899 93 20 coincés
3682 3901 68 19 entre
3771 3901 22 20 le
3811 3899 48 20 véhi-

3349 3923 51 19 cule
3418 3924 24 18 et
3460 3923 21 19 le
3498 3929 54 14 mur
3570 3924 28 19 de
3616 3925 23 19 la
3657 3925 53 23 loge
3728 3925 28 20 de
3773 3925 90 20 bascule.

3350 3948 105 19 Armand
3479 3949 116 22 Michaux,
3615 3949 26 19 34
3665 3954 51 18 ans,
3738 3949 125 21 demeorant

3347 3972 16 19 à
3382 3973 119 22 Bambois,
3520 3979 15 14 a
3552 3979 30 14 eu
3600 3975 24 18 la
3642 3975 103 23 poitrine
3763 3973 97 22 défoncés

3349 3998 22 19 et
3387 4003 15 14 a
3417 3997 36 20 été
3467 3997 136 25 transporté
3617 3998 15 20 à
3647 3999 106 24 l'hôpital
3768 4001 55 19 dans
3834 4002 24 16 ob

3349 4022 51 20 état
3416 4027 78 19 grave.
3510 4023 101 23 L'autre,
3627 4024 76 21 Henri
3719 4025 106 25 Delhaye,
3837 4022 20 20 S*

3349 4052 49 18 ans,
3411 4048 139 19 demeurant
3563 4047 16 20 à
3591 4048 114 25 Châtelet,
3719 4051 41 23 qui
3773 4051 35 20 est
3815 4048 33 23 éga-

3349 4073 87 19 lement
3465 4071 170 22 sérieusement
3667 4074 94 24 atteint,
3791 4081 15 15 a
3826 4070 28 23 «é

3349 4096 133 24 transporté
3500 4098 57 18 chez
3572 4098 39 20 lui.

3379 4195 468 42 NECROLOGIE

3380 4291 29 19 M.
3431 4292 26 19 et
3479 4291 63 21 Mme
3564 4288 241 23 Soumillon-Jordenssj

3379 4316 54 19 Mlle
3455 4316 80 20 Renée
3555 4316 107 24 Jordens,

3353 4344 40 18 ont
3414 4340 122 21 l'honneur
3557 4341 139 20 d'annoncer
3713 4338 24 20 la
3755 4338 63 20 mort
3837 4335 28 20 d*

3350 4372 80 36 Mme
3458 4373 66 35 Vve
3551 4371 119 46 Joseph
3695 4368 168 38 JORDENS

3379 4423 45 19 née
3449 4422 176 19 Marie-Jeanne
3647 4418 183 23 VANDAMME»

3351 4451 50 19 leur
3416 4445 70 25 mère,
3501 4445 136 24 belle-mère,
3654 4442 98 25 dççédée
3767 4443 55 20 dans
3836 4446 26 16 e*

3350 4471 35 19 73°
3401 4471 82 22 année.

3376 4496 44 19 Les
3433 4495 136 21 funérailles
3581 4496 39 19 ont
3631 4498 29 15 eu
3671 4493 47 21 lien
3729 4494 57 19 dans
3796 4490 65 22 IlnH*

3350 4520 64 22 mité.

3376 4546 32 21 50,
3425 4550 90 15 avenue
3532 4548 28 19 de
3574 4547 24 18 la
3614 4543 86 20 Toison
3719 4543 52 20 d'or.

3152 5082 184 33 VISITEZ
3364 5080 144 33 PARIS

3042 5132 178 42 pendant
3235 5140 46 23 sa
3296 5129 157 34 Grande
3470 5127 138 33 Saison

3001 5182 166 36 (Facilités
3181 5179 278 36 exceptionnelles
3474 5178 40 25 de
3528 5175 141 35 voyage)

2825 5242 143 21 Prochaines
2987 5240 191 22 manifestations
3188 5246 7 14 :

2800 5289 27 20 25
2839 5289 48 19 mai
2898 5293 32 16 au
2942 5289 13 19 2
2965 5288 52 25 juin
3028 5298 10 4 -
3048 5288 166 23 Championnal

2828 5314 28 19 de
2877 5313 92 20 France
2996 5312 171 21 International
3193 5312 21 19 d:

2826 5338 93 20 Tennis.

2799 5374 26 19 28
2844 5374 48 19 mai
2910 5374 16 19 à
2942 5373 94 23 l'Opéra
3069 5381 11 6 -
3116 5372 95 20 Feetiva

2825 5398 94 19 Gabriel
2939 5397 83 20 Fauré.

3448 5230 25 19 31
3488 5228 47 19 mai
3550 5228 15 20 à
3579 5227 93 24 l'Opéra
3686 5239 10 5 -
3711 5221 143 28 Représent*-

3474 5254 48 18 tion
3538 5253 28 20 de
3580 5253 74 19 Faust
3671 5249 152 24 (distribution
3830 5250 25 15 M

3471 5278 23 20 la
3507 5277 61 19 2000'
3581 5275 202 25 représentation).

3447 5330 25 19 31
3485 5329 49 19 mai
3545 5332 32 15 au
3590 5327 89 20 Moulin
3689 5325 30 19 de
3731 5325 25 19 la
3769 5319 86 24 Galett»

3472 5353 75 19 -Gala
3563 5350 226 21 Toulouse-Lautrec.
3803 5346 53 18 -F«"

3473 5377 35 19 tes
3538 5376 16 20 à
3582 5375 129 21 Versailles,
3739 5370 115 23 Fontaino

3473 5402 73 21 bleau,
3565 5400 144 25 Compiègne.
