3881 5537
1726 231 14 7 -
1776 224 41 21 La
1839 221 147 22 Dernière
2015 223 101 20 Hcurf
2150 222 18 21 3

98 277 185 53 AUTOUR
322 277 64 44 DU
426 270 176 55 PROCÈS

175 344 78 47 DE
286 343 172 46 LEIPZ
463 346 63 45 IG

134 436 50 34 DES
202 432 216 31 COMMUNISTES
434 435 131 29 ANGLAIS

144 476 206 35 MANIFESTENT
373 477 21 28 A
416 477 137 30 LONDRES

170 520 121 34 DEVANT
310 519 214 31 L'AMBASSADE

249 563 186 31 ALLEMANDE

108 640 51 32 LES
176 630 167 39 ÉTUDIANTS
365 633 42 28 DE
426 633 164 30 BELGRADE

250 676 193 33 PROTESTENT

122 747 95 20 l/mdres
241 743 22 20 17
279 738 118 23 décembre.
414 748 26 5 —
457 739 63 18 Deux
537 737 62 20 cents

100 769 151 23 communistes
262 767 38 19 ont
311 761 61 22 tenté
383 762 27 19 de
422 761 131 20 manifester
564 762 35 19 cet

101 794 130 27 aprts-midi.
247 790 48 25 près
311 788 26 19 de
355 786 145 20 l'ambassade
518 785 80 20 d'Allc-

100 825 76 16 mi_rne
189 820 12 18 à
213 814 99 22 Londres.

125 846 29 18 rs
165 846 36 16 ont
215 839 68 21 même
295 836 68 20 réussi
374 834 14 20 à
401 833 70 20 briser
484 833 20 19 le
516 832 82 20 cordon

101 871 26 15 rt_>
141 867 65 19 no'ice
227 865 39 18 Les
280 860 100 24 policiers
394 859 40 19 ont
449 856 82 23 ohargé
546 860 53 16 avec

101 890 54 23 leuri
170 890 82 20 bâtons.
268 886 48 19 Une
330 885 92 21 bagarre
438 886 14 15 a
467 881 63 19 suivi.
546 880 41 20 Plu-

99 918 67 18 sieurs
184 910 143 22 arrestations
346 910 40 18 ont
404 905 35 22 été
459 907 96 20 opérées.
573 913 27 5 —

97 940 85 21 Reuter.

170 970 162 23 NOUVELLES
347 966 150 22 BAGARRES

119 1011 103 21 Londres.
238 1009 24 20 17
277 1006 119 22 décembre.
412 1014 25 5 —
453 1002 67 25 Après
537 1001 61 19 avoir

99 1037 33 20 été
144 1033 112 26 repoussés
268 1037 43 16 une
324 1029 104 30 première
441 1028 48 21 fols,
501 1026 32 19 les
539 1029 48 16 com-

99 1061 105 20 munistes
214 1060 36 22 qui
261 1056 109 22 tentaient
381 1055 27 20 de
420 1052 129 20 manifcs.er
561 1051 26 18 de-

97 1088 54 17 vant
161 1082 142 22 l'ambassade
315 1079 153 22 d'Allemagne,
481 1079 54 20 pour
547 1079 39 19 pro-

98 1112 67 17 tester
182 1108 75 20 contre
274 1106 20 19 le
313 1103 75 26 procès
405 1102 26 20 dc
449 1099 92 24 Leipzig,
559 1098 39 19 ont

100 1133 106 24 provoqué
216 1132 27 19 de
255 1128 109 22 nouvelles
375 1128 107 22 bagarres.
494 1125 43 18 Des
548 1126 40 16 ren-

99 1160 55 19 forts
165 1158 27 19 de
202 1155 69 25 police
282 1155 41 19 ont
335 1152 67 20 réussi
416 1151 13 20 il
439 1148 116 24 empêcher
568 1148 31 19 les

100 1180 154 23 manifestants
267 1179 26 20 de
306 1175 138 26 s'approcher
458 1174 26 20 de
496 1174 9 19 1
512 1173 75 18 ambas-

100 1207 58 20 sade.

123 1233 128 26 Cependant
262 1233 30 19 M.
305 1232 56 20 Alan
372 1230 102 20 Thomas,
483 1226 116 20 secrétaire

98 1260 27 20 de
136 1260 21 19 !a
169 1259 66 22 Ligue
248 1254 170 23 internationale
430 1253 27 20 de
469 1251 89 21 défense
569 1251 30 19 du

99 1282 84 23 travail,
197 1279 147 26 accompagné
359 1279 52 20 d'un
425 1277 96 20 membre
536 1275 27 20 de
577 1274 23 19 la

99 1308 71 23 Ligue,
182 1311 14 15 a
207 1306 35 20 été
254 1304 95 21 autorisé
361 1303 13 20 à
385 1307 25 15 se
422 1301 78 21 rendre
511 1300 14 19 à
538 1300 50 19 l'am-

99 1331 90 21 bassade
199 1333 90 20 porteur
299 1329 63 20 d'une
373 1326 93 26 pétition
476 1324 75 21 disant
560 1326 41 20 que

99 1356 30 20 les
145 1354 152 22 svndicalistes
312 1354 23 19 et
351 1352 38 20 des
404 1349 91 22 milliers
510 1348 27 20 de
553 1348 35 19 tra-

99 1379 102 21 vailleurs
219 1377 130 21 londoniens
369 1373 134 22 demandent
522 1376 28 19 qu
558 1373 42 17 une

100 1403 128 24 députation
247 1402 43 20 soit
311 1404 63 18 reçue
394 1400 24 19 et
438 1397 119 20 réclament
578 1395 21 17 la

100 1428 115 21 libération
234 1435 9 8 .
262 1427 39 18 des
319 1424 98 19 victimes
434 1424 27 20 de
480 1419 120 21 l'incendie,

101 1452 98 21 crzanisé
212 1451 29 19 du
253 1449 119 22 Reichstag
386 1455 17 11 •.

124 1482 71 21 R»çus
211 1480 13 19 Jl
241 1480 21 19 la
279 1478 61 24 porte
356 1477 27 19 de
400 1473 143 21 l'ambassade
560 1475 40 21 par

99 1509 31 15 un
144 1504 96 20 membre
257 1503 30 19 du
302 1499 121 26 personnel,
439 1497 32 21 les
487 1498 57 19 deux
561 1500 27 20 pé-

99 1528 138 19 titionnaires
251 1531 24 14 se
290 1525 52 20 sont
358 1528 28 15 vu
401 1522 85 20 refuser
501 1522 8 19 1
516 1522 72 18 autori-

98 1552 72 20 sation
183 1551 27 19 dc
224 1550 47 19 voir
283 1546 176 21 l'ambassadeur.

121 1581 49 19 Une
181 1578 87 25 période
280 1578 27 19 de
319 1577 69 20 calme
401 1581 14 14 a
426 1574 63 22 suivi,
500 1574 57 21 mais
568 1574 33 20 les

99 1603 153 21 communistes
264 1601 68 23 ayant
345 1604 79 19 aperçu
437 1600 58 19 dans
506 1600 22 19 la
542 1599 60 20 foule

98 1633 30 15 un
141 1631 80 20 groupe
233 1626 27 19 de
273 1625 106 20 fascistes,
392 1628 44 16 une
448 1623 100 20 nouvelle
560 1624 28 20 ba-

99 1656 61 20 garre
179 1656 14 14 a
212 1649 69 21 éclaté
290 1654 6 17 ;
316 1649 58 20 cette
394 1649 43 19 fois
456 1648 22 20 la
498 1647 70 24 police
588 1646 14 20 à

98 1675 75 21 cheval
183 1679 14 15 a
207 1673 79 23 chargé
297 1673 22 19 la
329 1672 58 20 foule
397 1673 23 19 et
431 1671 109 25 plusieurs
550 1675 40 21 per-

98 1704 79 16 sonnes
188 1700 40 18 ont
238 1697 35 21 été
285 1697 133 24 légèrement
429 1696 99 23 blessées.

123 1725 44 19 Des
187 1722 99 25 policiers
306 1723 40 18 ont
367 1720 36 20 été
424 1720 74 21 nostés
520 1719 82 21 devant

99 1746 141 22 l'ambassade
252 1745 148 22 d'Allemagne
412 1745 37 23 qui
460 1749 50 16 sera
523 1744 79 24 gardée

100 1773 59 20 toute
172 1772 22 19 la
208 1771 54 19 nuit.
274 1780 26 5 —
312 1769 88 20 Reuter.

185 1807 39 19 UN
243 1805 196 20 TELEGRAMME
459 1806 38 19 DE

240 1836 218 19 PROTESTATION

121 1871 112 24 Belgrade.
245 1872 23 19 17
279 1871 120 21 décembre.
408 1882 26 5 —
440 1872 42 20 Les
492 1871 113 22 étudiants

97 1896 27 20 de
139 1896 105 23 Belgrade
260 1900 41 16 ont-
316 1895 88 21 adressé
420 1896 141 24 aujourd'hui
576 1901 29 15 au

98 1920 97 19 tribunal
223 1920 29 20 de
282 1920 88 23 Leipzig
400 1924 32 16 un
462 1920 142 24 télégramme

98 1948 55 20 pour
169 1945 109 23 protester
294 1947 76 17 contre
387 1944 21 20 le
424 1945 137 23 réquisitoire
577 1946 29 19 du

97 1973 119 19 procureur
231 1969 139 20 demandant
385 1968 23 20 la
423 1969 64 23 peine
505 1970 26 20 de
548 1969 59 20 mort

98 1997 56 19 pour
170 1992 96 23 Torgler.

124 2016 24 20 Si
166 2018 58 19 cette
242 2016 64 25 peine
324 2016 56 21 était
397 2017 121 24 appliquée,
535 2019 35 21 dit
586 2017 21 20 le

100 2040 148 23 télégramme,
268 2041 42 20 elle
332 2041 125 23 rejaillirait
479 2046 84 16 comme
584 2042 22 19 la

99 2064 50 22 plus
169 2065 84 23 grande
274 2065 70 21 honte
364 2070 39 16 sur
424 2065 137 22 l'humanité.
582 2075 26 5 —

100 2089 82 20 Havas.

208 2118 40 20 UN
260 2118 90 20 DROIT
361 2118 137 21 NOUVEAU

123 2145 83 23 Berlin.
226 2147 24 19 17
265 2147 121 20 décembre.
405 2159 26 4 —
449 2148 159 25 L'application

98 2168 27 20 de
137 2169 23 19 la
172 2171 64 22 peine
248 2171 27 20 de
288 2173 58 18 mort
358 2173 13 18 à
384 2173 49 19 Van
444 2173 39 19 der
494 2174 73 19 Lubbe
578 2178 30 15 en

97 2195 64 17 vertu
171 2194 65 19 d'une
249 2199 85 15 mesure
341 2195 121 23 législative
473 2196 135 24 postérieure

96 2216 15 19 à
124 2216 116 21 l'incendie
255 2219 31 19 du
296 2219 127 24 Reichstag.
436 2221 35 19 est
485 2221 123 23 approuvée

98 2244 41 19 par
152 2242 21 18 le
191 2241 113 22 président
320 2243 28 19 de
364 2243 92 23 régence
471 2244 83 22 Nicola.
570 2245 38 23 qui

98 2264 54 20 écrit
163 2265 58 18 dans
232 2265 19 19 le
265 2273 7 9 .
286 2267 128 20 Volkischer
425 2268 138 20 Beobachter
575 2277 9 8 •
600 2272 6 16 :

123 2295 9 8 ■
148 2288 137 23 Evidcment,
300 2290 21 20 le
337 2291 100 23 principe
450 2292 30 19 du
497 2292 58 20 droit
571 2296 26 15 ro-

98 2311 61 20 main
175 2316 30 14 en
219 2314 63 18 vertu
299 2314 80 22 duquel
397 2319 86 15 aucune
500 2316 65 22 peine
579 2320 28 16 ne

99 2335 45 20 doit
165 2335 47 20 être
233 2336 116 23 appliquée
371 2342 55 19 pour
448 2344 31 14 un
500 2341 49 18 acte
570 2340 38 24 qui

98 2359 76 20 n'était
186 2364 41 18 pas
238 2360 127 23 punissable
377 2366 29 16 au
416 2364 99 18 moment
527 2363 28 20 de
566 2368 42 15 son

99 2383 204 22 accomplissement
317 2389 14 14 a
345 2389 58 19 paru
418 2386 45 19 lésé
480 2390 42 19 par
537 2387 20 19 le
572 2388 24 19 ré-

99 2407 110 23 quisitoire
229 2407 30 19 du
278 2412 121 18 procureur
417 2409 96 23 général.
532 2411 20 19 Il
572 2415 35 16 me

98 2431 72 23 parait
185 2430 123 20 nécessaire
325 2432 27 19 de
368 2433 48 19 dire
431 2438 49 18 que.
494 2438 56 15 nous
566 2439 29 15 au-

99 2458 45 16 tres
160 2455 263 21 nationaux-socialistes,
442 2461 56 15 nous
513 2458 83 19 deman-

99 2479 54 19 dons
161 2479 24 19 la
194 2478 146 20 substitution
351 2480 30 19 du
390 2480 58 19 droit
459 2480 112 21 allemand
578 2486 29 15 au

99 2503 57 19 droit
165 2502 93 19 romain.
269 2502 92 23 D'après
372 2503 22 19 la
405 2503 80 23 pensée
496 2505 111 23 juridique

99 2526 128 20 allemande,
242 2526 20 19 le
274 2526 59 19 droit
348 2531 29 15 ne
392 2527 81 21 résulte
489 2533 41 19 pas
544 2529 27 20 de
584 2529 22 19 la

99 2551 35 20 loi.
145 2551 62 19 mais,
217 2550 16 19 il
243 2550 23 19 la
275 2549 98 24 précède.

124 2575 59 19 Nous
197 2578 68 15 avons
278 2578 79 18 rompu
372 2579 53 15 avec
439 2575 21 19 le
473 2575 64 24 passé
551 2576 43 21 libé-

100 2598 34 20 ral
142 2603 6 18 ;
164 2598 20 20 le
199 2598 79 20 nouvel
291 2597 49 20 état
350 2598 93 22 s'ouvre,
458 2603 32 16 un
505 2604 101 16 nouveau

101 2623 93 21 chemin,
208 2623 23 19 et
247 2621 47 21 crée
310 2626 56 19 pour
379 2622 32 19 lul
426 2627 32 15 un
474 2623 59 21 droit
549 2628 44 16 nou-

102 2651 54 16 veau
170 2655 17 11 ..
197 2656 25 5 —
235 2647 79 18 Havas.

183 2711 36 26 LE
244 2705 93 32 DÉBAT
361 2710 160 27 FINANCIER

123 2761 113 27 DEVANT
259 2760 36 27 LE
318 2754 97 33 SÉNAT
440 2761 144 33 FRANÇAIS

191 2829 41 21 (De
246 2828 63 19 notre
322 2827 188 23 correspondant.)

125 2853 68 21 Paris.
212 2853 22 19 17
252 2852 119 20 décembre.
388 2862 26 4 —
435 2852 52 19 (Par
505 2851 88 24 télépho-

100 2879 49 18 ne).
165 2887 27 5 —
210 2878 59 19 C'est
286 2876 61 20 lundi
366 2876 130 23 après-midi
514 2880 43 20 que
577 2880 28 15 va

101 2902 112 22 s'engager
224 2906 29 15 au
265 2900 68 20 Sénat
344 2900 21 20 la
377 2900 122 20 discussion
512 2900 29 20 du
554 2904 40 20 pro-

103 2927 32 21 jet
149 2920 31 26 "de
195 2925 158 20 redressement
369 2924 110 20 financier
496 2924 51 20 voté
564 2928 42 20 par

102 2950 22 19 la
139 2950 115 21 Chambre.

127 2974 60 19 Nous
200 2977 69 15 avons
282 2974 34 19 dit
330 2977 41 20 qjic
385 2972 21 21 le
420 2973 132 24 rapporteur
568 2973 25 24 gé-

102 2997 62 19 néral
182 2998 31 22 M.
233 2997 100 24 Régnier,
351 2997 128 20 soutiendra
497 2998 33 19 les
549 3001 45 15 nou-

101 3025 71 16 veaux
192 3021 70 21 textes
283 3021 61 20 votés
363 3026 39 20 par
421 3021 23 20 la
464 3021 141 20 commission

101 3044 138 22 sénatoriale,
254 3047 137 19 notamment
404 3047 136 19 concernant
553 3045 41 19 l'ar-

101 3069 50 20 ticle
164 3070 13 19 6
189 3070 121 20 instituant
322 3074 31 15 un
364 3069 148 25 prélèvement
522 3074 39 15 sur
573 3069 33 20 les

102 3094 139 21 traitements
257 3094 39 19 des
312 3093 177 21 fonctionnaires.

126 3118 58 20 Mais
199 3122 30 15 on
242 3118 45 20 saie
302 3118 59 19 aussi
375 3118 66 24 qu'un
455 3117 106 20 sénateur
574 3118 32 20 du

101 3146 81 19 groupe
201 3142 27 20 de
247 3143 23 19 la
288 3142 84 22 gauche
389 3141 161 23 démocratique
569 3146 23 15 re-

102 3166 96 23 prendra
209 3171 42 19 par
264 3166 47 19 voie
324 3166 175 20 d'amendement
512 3166 32 20 les
557 3167 37 18 tex-

102 3193 33 16 tes
145 3189 61 21 votés
216 3195 41 18 par
266 3190 23 19 la
300 3190 115 20 Chambre.

126 3214 60 20 C'est
203 3218 40 15 sur
261 3219 36 15 ces
316 3214 97 20 derniers
433 3214 70 20 textes
522 3217 43 21 que
584 3212 21 21 le

102 3239 170 22 gouvernement
283 3242 77 19 posera
369 3238 23 19 la
403 3238 99 24 question
513 3239 26 19 de
550 3242 43 16 con-

102 3262 74 20 fiance
189 3265 23 17 et
225 3262 115 21 obtiendra
353 3266 53 17 sans
419 3263 65 19 doute
498 3267 43 16 une
555 3266 38 16 ma-

102 3285 72 24 jorité.

127 3310 30 19 La
172 3310 108 20 Chambre
294 3310 85 24 compte
392 3310 95 20 recevoir
499 3309 105 22 mercredi

102 3338 29 15 ou
148 3334 60 23 jeudi
226 3335 21 19 le
265 3335 72 23 projet
354 3339 42 19 que
414 3335 31 19 lui
463 3339 103 16 renverra
585 3334 20 20 le

102 3357 74 20 Sénat.
190 3359 28 19 Le
231 3358 73 20 décret
316 3359 28 19 de
358 3359 82 19 clôture
454 3360 98 23 pourrait
567 3358 39 21 dès

101 3381 44 20 lors
155 3382 46 20 être
213 3382 23 20 lu
248 3383 56 19 dans
315 3383 23 19 la
350 3383 49 19 nuit
410 3384 30 19 du
451 3384 24 18 23
488 3388 30 15 au
529 3383 25 19 24
566 3381 27 22 dé-

101 3406 91 21 cembre,
201 3406 19 20 si
230 3410 29 15 en
270 3406 56 20 deux
337 3407 66 23 jours,
413 3406 32 20 les
454 3407 56 20 deux
521 3407 72 20 Cham-

100 3429 50 20 bres
168 3431 144 22 parvenaient
331 3431 14 20 k
365 3431 62 19 voter
446 3432 20 19 le
485 3431 74 24 projet
578 3430 27 19 de

101 3453 109 20 douzième
222 3454 127 23 budgétaire
362 3454 125 24 provisoire,
500 3454 105 20 nécessité

100 3481 40 19 par
156 3477 20 20 le
192 3479 75 19 retard
283 3479 27 19 de
326 3478 24 21 la
366 3479 121 20 discussion
505 3478 100 25 générale

101 3501 29 21 du
139 3502 81 23 budget
232 3503 26 19 de
272 3503 54 19 1934.

624 281 79 45 LA
740 280 391 50 CONCLUSION

667 349 90 36 DES
787 349 302 40 ENTRETIENS

665 399 112 36 PAUL-
779 399 180 36 BONCOUR
960 395 129 43 -BENÈS

664 474 69 29 RIEN
753 473 84 30 N'EST
855 474 140 30 POSSIBLE
1013 476 73 34 QU'A

812 512 118 35 GENÈVE

659 573 50 28 LES
728 573 155 30 PRINCIPES
902 574 173 33 ESSENTIELS
1086 588 9 20 :

659 609 155 36 L'ÉGALITÉ
834 617 55 29 DES
906 617 133 32 NATIONS
1059 621 37 29 ET

695 654 198 35 L'UNANIMITÉ
912 661 54 30 DES
985 663 74 30 VOIX

646 712 69 20 Paris.
727 713 23 19 17
765 712 120 21 décembre.
896 724 25 4 —
934 715 41 20 Les
986 716 147 22 déclarations

623 736 72 22 fnites,
718 736 49 19 hier
790 738 138 22 apres-mldi,
949 743 42 19 par
1014 742 23 18 M
1067 742 66 20 Paul-

621 760 108 22 Boncour,
744 765 29 14 en
788 761 103 22 présence
908 762 27 19 de
954 764 31 20 M.
999 764 72 21 Bénès
1094 769 39 16 ont

621 784 90 23 marqué
728 784 22 19 la
768 785 33 18 fin
815 785 38 19 des
870 787 122 20 entretiens
1006 788 115 24 diplomati-

620 811 53 19 ques
687 808 30 19 du
729 808 101 20 ministre
845 809 38 19 des
897 810 98 20 Affaires
1007 813 126 23 étrangères

621 831 26 19 de
660 831 198 24 Tchécoslovaquie
872 834 23 18 et
908 835 137 21 constituent
1060 838 61 22 égale-

621 857 62 17 ment
699 855 22 19 la
740 856 100 19 dernière
861 858 169 22 manifestation
1050 861 30 20 du
1098 862 23 19 sé-

621 879 50 22 jour
687 879 84 20 officiel
787 879 27 21 de
829 881 31 19 M.
876 882 78 22 Bénès,
970 884 37 22 qui
1024 886 109 22 repartira

621 907 56 18 pour
692 903 86 23 Prague
792 903 69 23 lundi,
878 905 14 20 à
910 906 23 19 17
947 907 23 19 h.
985 908 31 19 45.

647 927 42 19 Ces
711 927 156 21 déclarations,
892 929 85 21 fait-on
1000 936 127 20 remarquer

620 953 40 16 ont
672 954 31 16 un
718 951 95 23 premier
825 952 84 23 mérite,
923 954 58 20 celui
994 955 27 20 de
1035 958 98 18 montrer

620 978 42 18 que
675 973 91 21 l'amitié
780 976 107 22 profonde
900 978 38 22 qui
951 979 50 19 unit
1012 980 22 19 la
1049 980 84 20 France

620 997 14 20 à
645 1002 35 15 ses
690 998 62 19 alliés
764 999 27 19 de
803 999 100 25 l'Europe
915 1002 98 21 centrale
1025 1004 24 19 et
1059 1004 62 19 orien-

622 1021 43 19 tale
682 1022 36 18 n'a
736 1022 36 19 été
789 1027 28 15 cn
836 1024 49 20 rien
900 1025 88 21 altérée.
1008 1027 29 19 Le
1052 1028 81 19 second

622 1045 77 20 mérite
716 1050 13 15 a
745 1045 36 20 été
797 1046 125 22 d'affirmer
939 1054 41 19 que
998 1050 91 20 l'amitié
1107 1051 26 19 de

621 1069 21 19 la
664 1069 85 20 France
771 1074 53 16 avec
845 1076 36 15 ses
899 1073 56 19 amis
977 1074 58 19 n'est
1052 1074 82 23 dirigée

621 1095 75 17 contre
711 1097 86 16 aucune
810 1095 112 24 politique,
936 1097 24 19 ni
972 1101 86 15 aucune
1073 1099 49 21 puis-

620 1121 74 18 sance,
710 1118 23 18 et
752 1118 36 19 n'a
807 1119 85 19 d'autre
912 1120 40 20 but
969 1125 42 19 que
1029 1121 93 19 l'établis-

621 1141 86 19 sement
718 1141 66 19 d'une
795 1142 160 21 collaboration
968 1145 114 19 confiante
1094 1149 28 15 en-

622 1166 33 18 tre
669 1164 33 20 les
716 1166 97 22 peuples.

646 1189 59 19 C'est
718 1189 57 19 dans
791 1191 35 18 cet
840 1191 75 22 esprit,
930 1191 147 23 ajoute-t-on,
1092 1196 42 19 que

622 1213 54 19 MM.
686 1212 71 20 Bénès
767 1214 23 18 et
799 1214 170 19 Paul-Boncour
977 1219 24 14 se
1011 1217 52 17 sont
1073 1216 49 19 trou-

622 1236 37 20 vés
674 1236 101 21 d'accord
791 1241 30 15 cn
837 1238 48 19 face
903 1238 27 19 de
948 1238 62 20 l'idée
1028 1238 105 20 italienne

622 1261 26 19 de
667 1260 96 21 réforme
783 1261 27 19 de
828 1261 22 19 la
869 1262 75 19 S.D.N.
963 1264 30 20 et,
1009 1267 30 15 au
1055 1263 79 23 regard

622 1285 38 19 des
682 1285 115 23 exigences
816 1285 137 20 allemandes
983 1291 30 15 en
1041 1287 92 19 matière

621 1309 163 21 d'armements,
820 1313 56 19 pour
905 1310 91 20 estimer
1019 1315 42 19 que
1084 1311 48 19 rien

622 1333 78 19 n'était
716 1333 93 23 possible
828 1334 50 23 qu'à
896 1334 90 20 Genève

621 1358 22 19 et
654 1357 56 19 dans
722 1357 22 19 la
755 1362 86 15 mesure
854 1358 28 19 où
895 1359 43 19 l'on
949 1359 142 23 respecterait
1102 1359 31 19 1rs

647 1381 109 23 principes
769 1382 114 19 essentiels
895 1383 27 19 de
935 1383 94 23 l'égalité
1042 1384 38 19 des
1092 1388 29 14 na-

646 1405 59 19 tions
720 1407 23 18 et
756 1406 27 19 de
796 1406 139 20 l'unanimité
950 1407 38 19 des
1004 1407 56 19 voix.

647 1429 30 19 Ce
689 1429 59 20 désir
760 1430 27 19 de
798 1430 144 23 coopération
955 1430 178 20 internationale,

622 1453 31 20 les
675 1453 58 20 deux
755 1454 113 19 ministres
888 1454 55 20 l'ont
964 1454 92 24 apporté
1078 1455 57 19 dans

622 1477 107 20 l'examen
747 1478 133 23 approfondi
900 1479 79 23 auquel
997 1479 27 19 ils
1041 1483 24 15 se
1083 1480 51 17 sont

622 1501 65 20 livrés
699 1501 39 20 des
749 1502 180 20 mémorandums
942 1503 97 22 français
1053 1503 23 20 et
1090 1502 32 20 ita-

623 1525 44 20 lien
679 1526 27 19 de
717 1526 125 23 septembre
854 1526 88 20 dernier
954 1531 39 15 sur
1006 1526 128 23 l'organis.i-

623 1550 47 19 tion
682 1550 141 23 économique
837 1550 147 22 danubienne,
998 1554 94 16 examen
1098 1551 37 22 qui

623 1578 13 15 a
651 1575 81 22 permis
746 1574 51 20 d'en
810 1576 102 22 accepter
926 1579 31 15 un
971 1574 85 20 certain
1071 1579 52 15 nom-

623 1598 38 19 bre
676 1598 27 20 de
715 1598 81 23 points.

648 1622 43 20 Ces
719 1622 128 22 entretiens,
875 1622 165 23 souligne-t-on
1061 1622 62 23 égale-

624 1647 68 20 ment,
707 1648 82 18 auront
806 1646 92 24 apporté
912 1647 50 23 plus
978 1647 27 20 de
1021 1646 70 20 clarté
1107 1650 28 16 en

623 1674 41 16 vue
676 1670 40 20 des
728 1671 118 23 prochains
858 1671 78 20 débats
948 1671 187 19 internationaux.

623 1704 26 5 —
661 1695 75 22 Belga.

656 1724 34 19 LE
703 1724 96 20 FRONT
813 1724 291 20 ANTIREVISIONNISTE

768 1750 74 19 S'EST
858 1749 137 19 REFORME

650 1778 110 22 Varsovie,
776 1778 23 19 17
815 1777 121 21 décembre.
962 1788 27 5 —
1016 1779 61 19 Tous
1104 1778 32 19 les

626 1802 110 23 journaux
749 1802 101 24 publient
864 1803 21 19 le
898 1803 86 24 compte
999 1802 71 20 rendu
1097 1802 40 20 des

628 1827 165 19 conversations
810 1827 38 23 qui
860 1828 40 18 ont
918 1831 28 15 eu
976 1827 45 19 lieu
1039 1827 14 19 à
1068 1826 69 21 Paris,

626 1852 63 18 entre
704 1851 55 19 MM.
773 1850 72 20 Bénès
860 1853 22 18 et
896 1850 177 21 Paul-Boncour.

627 1875 201 23 gouvernemental,
866 1876 124 18 commente
1017 1875 58 19 ainsi
1100 1878 38 16 ces

628 1899 88 22 journal
732 1898 201 24 gouvernemental,
948 1900 125 19 commente
1101 1902 36 15 ces

629 1923 162 21 informations.
800 1923 19 19 Il
829 1923 56 20 écrit
899 1927 6 15 :
919 1931 8 8 <•
936 1923 61 19 Nous
1008 1927 56 15 nous
1075 1923 49 19 trou-

630 1952 53 14 vons
694 1947 83 20 devant
789 1946 20 21 le
819 1947 67 20 réveil
897 1947 31 19 du
938 1951 53 15 sens
999 1947 39 19 des
1048 1946 90 20 réalités

629 1976 29 15 en
671 1972 90 20 France.
793 1971 61 19 Nous
867 1971 132 19 souhaitons
1027 1970 52 24 qu'il
1094 1970 43 19 soit

630 1994 97 20 durable.
739 1995 30 19 Le
783 1996 41 18 ton
837 1995 28 19 de
880 1995 22 19 la
917 1994 137 20 déclaration
1067 1994 28 20 de
1107 1994 30 19 M.

629 2019 169 19 Paul-Boncour
811 2018 102 20 différait
928 2019 170 18 heureusement
1111 2018 27 19 de

630 2043 56 19 celui
702 2043 39 19 des
757 2042 122 24 politiciens
896 2042 99 23 français
1011 2042 14 19 à
1042 2041 96 24 l'époque

631 2067 26 19 de
670 2067 23 19 la
708 2066 139 24 négociation
863 2066 31 20 du
906 2067 65 22 pacte
985 2065 14 20 à
1011 2065 85 23 quatre.
1101 2065 37 19 Un

631 2091 61 19 front
718 2091 40 19 ant
760 2091 6 18 i
768 2090 151 19 révisionniste
932 2090 52 19 s'est
998 2089 95 20 reformé
1103 2089 36 22 où,

630 2119 44 15 aux
686 2114 59 20 côtés
756 2115 28 19 de
796 2114 22 19 la
831 2115 85 19 France
928 2115 24 18 et
963 2114 29 19 de
1002 2114 22 19 la
1037 2113 102 20 Pologne.

629 2143 24 14 se
665 2139 53 18 sont
731 2137 74 25 placés
819 2139 31 18 les
865 2142 55 19 pays
932 2138 29 19 de
974 2137 23 20 la
1009 2137 118 19 Petite-En-

631 2163 61 19 tente
704 2163 29 20 et.
748 2161 235 20 vraisemblablement,
997 2161 33 19 les
1044 2161 55 23 pays
1111 2160 27 20 de

631 2186 22 19 la
667 2186 101 23 Baltique
783 2187 24 18 et
821 2185 88 20 l'Union
921 2185 137 23 soviétique.-
1059 2195 27 4 —
1091 2184 35 20 Ha-

631 2214 46 16 vas.

685 2234 40 19 UN
742 2233 211 21 COMMENTAIRE
970 2233 115 19 ITALIEN

649 2263 77 20 Rome.
745 2263 24 18 17
788 2262 121 21 décembre.
923 2272 26 5 —
965 2262 18 19 A
1002 2265 80 21 propos
1101 2261 39 20 des

630 2287 165 19 conversations
823 2287 79 19 franco
914 2295 11 5 -
938 2285 143 23 allemandes,
1118 2285 21 19 le

632 2318 9 8 -
658 2310 81 24 Popolo
752 2310 89 20 d'Italia
855 2319 8 7 •>
877 2309 57 21 écrit
949 2313 6 16 :

656 2335 31 18 La
700 2333 77 21 réalité
793 2334 130 19 dominante
949 2337 31 16 en
991 2333 93 23 Europe,
1098 2337 29 16 au-

631 2358 118 22 jourd'hui,
760 2358 35 19 est
807 2358 22 18 la
838 2357 140 20 coïncidence
991 2361 45 15 non
1048 2356 91 20 fortuite

630 2382 28 19 de
671 2381 22 20 la
706 2381 105 23 politique
828 2381 28 19 de
869 2382 69 18 Rome
955 2383 24 17 et
996 2381 27 19 de
1035 2380 104 22 Londres,

629 2405 38 24 qui
679 2405 98 20 désirent
791 2405 100 19 éclaircir
905 2406 24 18 ct
943 2404 83 20 définir
1040 2404 33 19 les
1085 2408 41 18 rap-

630 2430 62 22 ports
707 2430 64 18 entre
792 2428 141 23 l'Allemagne
967 2430 22 17 et
1011 2428 23 19 la
1054 2429 84 18 France

630 2456 42 19 par
686 2453 23 18 la
722 2453 183 18 reconnaissance
920 2452 15 20 k
946 2451 143 22 l'Allemagne
1101 2452 40 19 des

631 2476 70 19 droits
714 2476 38 24 qui
766 2475 32 20 lui
812 2477 51 18 sont
877 2476 43 19 dus
932 2479 41 19 par
986 2480 42 14 son
1042 2479 56 19 rang
1113 2475 27 19 de

630 2500 83 22 grande
729 2499 116 23 puissance
874 2500 24 18 et
923 2503 42 19 par
993 2500 22 19 la
1032 2498 106 20 nécessité

629 2524 57 18 dans
699 2523 92 23 laquelle
807 2523 42 19 elle
865 2527 25 15 se
920 2524 75 18 trouve
1011 2522 27 20 de
1052 2522 87 23 prévoir

630 2551 52 16 avec
699 2547 40 19 des
756 2551 90 18 moyens
862 2546 71 20 même
950 2546 84 19 réduits
1048 2551 25 14 sa
1087 2550 40 17 pro-

630 2575 38 19 pre
682 2570 90 20 défense
787 2572 23 18 et
821 2574 26 15 sa
861 2569 101 20 sécurité.

654 2595 33 20 De
701 2594 72 19 l'issue
787 2594 40 19 des
837 2593 167 19 conversations
1015 2593 112 19 franco-al-

630 2618 113 20 lemandes
755 2616 87 25 dépend
853 2617 57 19 donc
923 2617 20 19 le
955 2617 47 19 sort
1012 2617 27 19 de
1050 2617 22 19 la
1085 2621 42 15 con-

630 2641 87 20 férence
745 2642 30 19 du
801 2640 164 20 désarmement
992 2641 24 19 et
1028 2639 57 21 celui
1112 2640 27 19 de

630 2664 119 24 l'équilibre
762 2664 27 20 de
802 2664 23 20 la
837 2663 109 20 situation
959 2663 145 23 européenne.
1114 2673 25 5 —

630 2690 81 18 Havas.

239 3570 231 37 CONCERT

101 3618 69 38 DU
194 3619 66 37 CO
263 3620 196 37 NSERVA
459 3621 150 37 TOIRE

115 3694 10 9 •
139 3687 29 19 Pc
170 3687 27 19 lié
199 3691 24 15 as
242 3687 150 21 etMélisande
401 3697 17 15 »,
440 3688 20 20 le
484 3689 76 20 drame
580 3688 27 20 de

101 3711 98 19 Maurice
211 3712 151 20 Maeterlinck,
374 3717 40 19 que
427 3712 83 21 Claude
523 3712 73 20 Debus-

101 3738 25 19 sy
143 3735 77 19 nimba
237 3735 26 19 de
279 3735 22 20 la
319 3735 50 24 plus
385 3736 87 23 exquise
500 3736 107 24 partition

102 3758 132 21 orchestrale
247 3759 38 23 qui
296 3760 50 23 soit,
361 3760 37 19 n'a
412 3760 82 23 jamais
508 3760 36 20 été
557 3761 39 18 des-

102 3781 46 20 tiné
166 3787 29 15 au
208 3782 118 24 répertoire
343 3785 94 18 courant
454 3784 38 19 des
510 3783 97 21 théâtres

101 3805 99 24 lyriques.
215 3807 19 20 Il
248 3811 27 15 ne
287 3807 106 21 s'adresse
406 3812 42 18 pas
461 3812 28 15 au
502 3812 50 19 gros
566 3812 28 20 pu-

100 3829 42 20 blic
166 3831 23 18 et
200 3831 83 20 restera
294 3831 101 23 toujours
405 3836 44 15 une
462 3836 74 15 œuvre
548 3833 47 19 d'ex-

100 3853 94 23 ception,
206 3854 99 20 destinée
324 3859 43 15 aux
385 3855 137 23 jouissances
537 3855 57 20 médi-

100 3878 79 19 tatives
190 3878 14 19 d
212 3882 43 17 une
270 3878 51 20 élite
335 3879 155 20 intellectuelle
504 3879 102 20 raffinée.

101 3902 29 19 Ce
143 3902 56 19 n'est
214 3906 41 19 que
291 3902 27 20 de
332 3902 45 20 loin
395 3908 28 14 en
440 3903 47 19 loin
516 3908 42 19 que
575 3903 32 20 les

100 3925 102 23 théâtres,
214 3927 23 18 et
244 3927 140 19 notamment
393 3927 24 19 la
429 3927 111 21 Monnaie,
551 3931 42 18 peu-

101 3951 51 18 vent
165 3948 86 25 espérer
265 3950 21 20 la
301 3949 128 21 réalisation
440 3952 57 19 dans
510 3952 27 19 de
551 3951 44 20 bon-

101 3977 38 16 nes
151 3974 123 19 conditions
304 3974 28 20 de
359 3974 37 20 cet
408 3978 101 20 ouvrage,
522 3975 37 23 qui
577 3979 28 16 ne

101 3998 51 23 peut
165 4002 86 15 assurer
263 3998 40 19 des
315 3998 94 19 recettes
422 4003 41 19 que
478 4003 55 20 pour
544 3999 49 23 quel-

101 4025 51 19 ques
167 4020 84 21 soirées.
268 4022 92 19 L'effort
375 4022 59 20 d'art
449 4021 15 21 à.
481 4023 123 23 accomplir,

103 4044 20 21 le
140 4045 77 19 travail
232 4045 153 24 préliminaire,
404 4046 31 20 les
453 4046 84 22 études,
554 4047 51 19 sont

103 4068 52 19 hors
168 4069 26 19 de
206 4070 125 22 proportion
346 4074 53 15 avec
411 4070 20 20 le
447 4069 94 21 résultat
556 4075 37 15 ma-

105 4091 60 21 tériel
181 4092 15 20 à
211 4093 99 21 attendre
327 4094 65 20 d'une
410 4098 74 16 œuvre
501 4095 28 19 de
546 4095 57 19 cette

105 4114 80 23 espèce.

129 4144 71 21 L'idée
216 4145 26 20 de
256 4146 86 21 réaliser
361 4157 8 8 «
377 4148 84 20 Pelléas
476 4156 9 10 »
503 4152 30 16 au
550 4153 42 16 con-

105 4169 46 19 cert
169 4168 72 20 devait
257 4170 70 20 naitre
345 4172 25 20 de
387 4177 37 16 ces
440 4172 163 24 impossibilités

103 4192 119 23 scéniques,
237 4193 55 19 mais
306 4195 59 20 l'idée
392 4196 104 20 heureuse
524 4201 30 15 en
568 4196 33 20 soi

104 4216 138 20 n'allalt-elle
256 4221 39 19 pas
310 4219 84 19 enlever
407 4224 43 16 une
463 4220 72 21 bonne
551 4221 51 23 part

103 4240 27 19 de
141 4244 41 15 son
194 4240 89 20 charme
297 4240 13 20 k
322 4247 24 14 ce
358 4243 73 20 drame
443 4244 28 20 où
484 4245 49 19 tout
543 4249 5 15 :
563 4249 26 15 ca-

103 4264 38 21 dre
155 4264 27 20 de
197 4264 22 20 la
233 4264 71 22 scène,
317 4265 79 24 décors,
407 4268 113 23 costumes,
534 4268 55 21 éclai-

91 4292 84 21 rages,
191 4287 61 22 récit,
269 4288 105 23 dialogue,
399 4290 50 23 jeux
476 4293 40 19 des
531 4293 70 19 chan-

92 4313 78 21 -teurs,
197 4312 99 23 musique
322 4314 92 20 surtout,
440 4316 133 20 contribuait
587 4316 14 20 à

90 4333 7 21 î
104 4335 60 20 créer
176 4335 154 24 l'atmosphère
346 4336 156 24 indispensable
518 4340 14 20 à
545 4340 56 21 cette

103 4360 74 19 action
191 4364 31 15 un
234 4364 42 19 peu
290 4359 98 24 étrange,
402 4365 42 16 aux
457 4366 144 21 personnages

104 4383 131 24 mystérieux
254 4384 76 19 vivant
346 4388 30 15 en
392 4384 78 21 dehors
484 4387 29 19 du
531 4388 70 22 temps

103 4412 29 16 en
145 4412 30 15 un
187 4412 54 19 pays
254 4407 49 24 plus
314 4407 133 24 symbolique
459 4413 40 19 que
511 4410 50 21 réel.
571 4413 31 18 La

104 4431 82 20 diction
199 4431 39 20 des
251 4435 149 20 personnages
411 4432 24 19 et
447 4432 22 20 la
482 4434 95 24 musique
588 4436 14 19 à

103 4455 54 19 elles
171 4455 72 20 seules
258 4455 66 20 n'alla
326 4454 46 20 lent
374 4455 62 20 -elles
451 4460 40 19 pas
518 4459 85 19 enlever

104 4483 44 15 une
162 4478 72 20 bonne
250 4480 52 22 part
314 4479 30 19 du
361 4478 101 25 puissant
477 4480 84 24 intérêt,
576 4483 26 19 de

105 4502 110 19 l'émotion
228 4507 41 18 que
294 4503 54 23 eput
360 4503 92 19 susciter
464 4510 9 10 «
487 4504 82 22 Pelléas
580 4508 23 18 et

105 4525 120 21 Mélisande
240 4534 18 12 ».

129 4554 20 20 H
163 4555 51 20 n'en
228 4555 35 21 fut
276 4555 48 20 rien
334 4556 5 19 !
355 4556 29 19 Le
398 4556 58 21 texte
469 4557 28 20 de
509 4558 94 21 Maurice

105 4578 151 23 Maeterlinck,
267 4578 23 21 la
307 4580 97 23 musique
424 4581 26 19 de
463 4581 81 21 Claude
560 4584 32 19 De-

105 4603 65 22 bussy
182 4604 52 18 sont
246 4603 166 20 suffisamment
427 4604 124 21 évocateurs
565 4610 40 20 par

105 4626 142 24 eux-mêmes,
264 4628 23 19 et
304 4627 16 19 11
339 4628 49 19 faut
401 4628 73 20 savoir
491 4629 37 22 gré
545 4630 14 19 à
575 4631 30 19 M.

104 4650 75 20 Désiré
191 4651 92 20 Defauw
295 4651 83 20 d'avoir
389 4652 61 20 tenté
461 4652 23 19 la
496 4653 70 20 chose.
576 4655 29 19 Oe

104 4674 36 20 fut
153 4679 43 15 une
208 4674 105 22 véritable
326 4675 123 23 jouissance
464 4677 27 20 de
504 4676 90 20 réenten-

103 4698 39 19 dre
147 4699 58 19 cette
215 4700 98 22 musique
323 4699 88 22 subtile,
422 4702 131 20 caressante,
564 4702 30 18 im-

105 4721 125 23 matérielle,
243 4727 43 15 aux
307 4723 104 20 délicates
428 4723 115 24 broderies,
565 4729 41 15 aux

106 4745 145 20 modulations
263 4746 91 22 irrisées,
367 4751 43 15 aux
432 4747 126 20 harmonies
571 4752 23 15 re-

106 4767 121 22 cherchées,
240 4774 44 15 aux
295 4771 90 19 timbres
397 4771 20 20 si
431 4772 175 23 quintessenciés,

106 4790 20 20 si
144 4790 51 20 bien
213 4792 129 23 interprétés
361 4798 41 19 par
433 4795 125 20 l'orchestre
577 4796 29 19 du

105 4815 172 22 Conservatoire,
288 4821 51 14 sous
350 4822 26 14 sa
382 4818 99 24 poétique
494 4819 112 20 direction

130 4843 29 20 Et
170 4843 20 19 le
204 4842 75 21 succès
293 4844 35 20 fut
339 4845 45 19 très
397 4847 77 22 grand,
488 4848 51 19 tant
552 4852 55 17 pour

106 4868 31 20 lui
149 4871 41 20 que
203 4870 56 20 pour
283 4866 31 20 les
338 4869 87 20 artistes
449 4871 30 19 du
488 4872 72 19 chant
570 4873 37 23 qui

106 4890 162 24 remplissaient
283 4890 31 20 les
327 4891 61 21 rôles.
414 4894 30 19 M.
459 4895 103 22 Panzera,
576 4899 31 16 un

105 4915 86 20 Pelléas
203 4914 15 20 à
231 4914 22 19 la
268 4914 48 19 voix
331 4914 71 21 claire,
413 4916 14 19 à
441 4917 21 20 la
477 4918 82 20 diction
571 4919 36 23 ju-

106 4939 85 21 vénille,
204 4939 60 19 Mme
277 4938 28 18 G.
318 4938 97 22 Teugels.
429 4943 42 16 une
485 4942 86 22 exquise
585 4943 23 19 et

106 4963 126 20 troublante
247 4960 131 23 iJélisande;
398 4963 29 18 M.
444 4964 26 18 H.
486 4964 121 24 Dufranne,

106 4984 152 23 unGolaud.à
269 4984 23 20 la
304 4984 84 20 diction
400 4986 60 20 nette
474 4988 22 18 et
509 4988 97 23 incisive;

107 5012 53 19 MM.
179 5011 108 21 Bracony.
305 5009 60 19 Mme
384 5008 23 19 F.
426 5010 183 22 Moulaert-Maas

106 5036 22 18 et
143 5035 30 19 M.
186 5034 73 23 Mazy.
273 5032 58 20 dans
358 5031 32 20 les
404 5035 145 21 personnages
561 5035 48 23 plus

106 5058 84 20 effacés
202 5056 95 24 d'Arkel,
310 5055 27 20 de
349 5055 122 20 Geneviève
485 5058 23 18 et
520 5057 32 20 du
563 5059 34 19 mé-

108 5082 69 20 decin.

131 5112 56 19 Leur
195 5111 84 21 diction
289 5110 14 20 à
313 5109 50 20 tous
373 5108 75 20 donna
459 5112 43 16 une
512 5110 86 23 compré-

109 5134 90 21 hension
211 5135 21 20 si
244 5133 83 26 précise
342 5133 31 20 du
387 5131 107 23 dialogue,
505 5133 64 22 qu'on
583 5138 28 15 ne

111 5159 68 21 perdit
191 5163 42 20 pas
248 5162 32 16 un
296 5156 35 22 lot
347 5156 24 20 ct
386 5159 41 20 que
444 5155 20 20 le
480 5154 76 21 drame
572 5157 27 18 dé-

110 5185 66 19 gagea
186 5183 61 20 toute
259 5186 43 16 son
311 5179 106 22 intensité
428 5178 101 22 émotive,
539 5180 73 20 tandis

110 5209 40 18 que
165 5205 174 21 l'orchestration
365 5202 93 21 tamisée
474 5206 52 17 avec
542 5204 35 18 art
589 5205 22 18 et

111 5228 141 25 intelligence,
270 5227 114 26 apportait
399 5231 27 15 sa
445 5225 72 25 poésie
534 5230 77 16 sonore

111 5257 43 15 aux
168 5253 69 21 divers
252 5253 105 26 épisodes.

135 5281 30 20 Ce
175 5282 34 20 fut
219 5287 43 17 une
274 5281 97 23 matinée
381 5279 65 21 d'une
458 5278 69 20 haute
538 5279 75 23 portée

112 5305 111 24 artistique
235 5307 24 20 et
274 5307 38 25 qui
328 5305 44 21 fait
388 5304 103 20 honneur
508 5305 30 17 au
554 5302 47 19 Con-

111 5330 122 20 servatoire.

407 5356 73 21 Pierre
492 5354 97 24 d'Angle.

1153 290 124 58 UNE
1332 292 328 59 INITIATIVE

1242 367 85 47 OR
1331 369 161 46 IGINA
1497 369 73 46 LE

1152 455 153 31 COMMENT
1320 458 39 28 LA
1371 453 291 39 TCHÉCOSLOVAQUIE

1244 494 155 31 PAYERAIT
1418 497 38 28 SA
1475 497 98 29 DETTE

1293 539 23 28 A
1334 532 188 41 L'AMÉRIQUE

1172 606 38 29 EN
1229 606 50 30 LUI
1298 607 131 30 FAISANT
1449 609 54 28 DES
1523 608 121 30 ACHATS

1227 650 76 30 SANS
1320 646 257 35 INTERMÉDIAIRES

1178 718 153 23 Washington,
1348 719 23 19 16
1387 718 120 20 décembre.
1522 729 26 5 —
1563 720 44 20 Des
1620 719 28 20 né-

1154 742 121 21 gociations
1306 743 106 20 viennent
1428 744 26 18 de
1469 744 113 21 s'engager
1597 746 63 17 entre

1155 765 30 19 les
1199 766 131 19 Etats-Unis
1342 768 24 18 et
1379 767 22 19 la
1414 767 196 22 Tchécoslovaquie
1623 772 37 14 sur

1155 792 30 16 un
1200 790 72 22 projet
1288 790 106 21 d'accord,
1409 791 37 22 qui
1462 791 153 19 constituerait
1630 795 30 15 un

1155 813 118 23 précédant
1287 813 134 21 intéressant
1437 819 55 18 pour
1505 815 21 20 le
1540 814 119 23 règlement

1154 835 38 21 des
1205 837 71 21 dettes
1289 837 188 21 internationales.

1178 866 31 19 La
1222 866 196 24 Tchécoslovaquie
1429 870 34 17 est
1475 871 72 18 grosse
1559 872 89 15 consom-

1154 890 91 19 matrice
1290 891 27 19 dc
1349 892 65 18 coton
1436 891 126 22 américain,
1584 892 77 22 qu'elle

1154 913 77 19 achète
1244 918 54 18 pour
1310 915 91 19 environ
1415 915 99 19 dix-huit
1526 915 96 20 millions
1634 915 26 19 de

1154 936 82 20 dollars
1252 941 40 19 par
1308 942 36 15 an.
1360 938 57 19 Mais
1433 939 32 19 les
1479 939 79 19 achats
1573 939 75 19 s'effec-

1155 962 63 18 tuent
1233 965 40 19 par
1289 961 38 19 des
1340 962 174 20 intermédiaires
1529 963 119 21 étrangers.

1179 990 28 19 Le
1230 990 71 23 projet
1322 996 28 15 en
1372 991 121 19 discussion
1514 991 85 22 prévoit
1638 992 21 19 la

1154 1014 105 21 création,
1273 1014 14 19 à
1301 1015 90 21 Prague,
1405 1015 53 19 d'un
1472 1015 73 19 Office
1561 1016 98 19 nationa;

1154 1036 30 20 du
1200 1038 66 18 coton
1283 1037 127 22 américain,
1424 1042 52 15 avec
1494 1039 38 19 des
1548 1039 113 22 entrepôts

1154 1062 23 17 et
1193 1065 32 15 un
1242 1061 81 19 service
1342 1061 76 23 rapide
1436 1066 56 19 pour
1509 1062 21 19 le
1549 1063 112 21 transport

1153 1084 30 19 du
1200 1085 65 20 coton
1281 1084 120 20 américain
1416 1090 29 14 en
1458 1085 203 23 Tchécoslovaquie,

1154 1107 61 20 selon
1231 1108 22 19 la
1269 1108 109 20 demande
1392 1109 30 18 du
1438 1109 95 19 marché-

1179 1131 32 18 La
1223 1131 197 24 Tchécoslovaquie
1433 1132 101 20 éviterait
1548 1133 57 19 ainsi
1618 1137 43 15 une

1155 1153 94 24 dépens?
1268 1155 27 19 de
1313 1155 33 20 six
1364 1155 14 19 k
1396 1156 50 21 sept
1464 1157 52 18 cent
1535 1157 59 19 mille
1614 1157 35 19 dol-

1155 1177 44 19 lars
1213 1182 41 19 par
1266 1183 36 17 an,
1316 1179 37 22 qui
1367 1179 125 23 représente
1506 1180 20 19 le
1541 1180 69 22 profit
1624 1181 37 19 des

1155 1202 106 18 courtiers
1268 1202 129 22 -étrangers.

1179 1225 31 18 La
1222 1225 99 22 majeure
1334 1226 70 22 partie
1418 1226 27 19 de
1458 1227 58 19 cette
1529 1231 84 17 somme
1625 1232 24 14 se-

1155 1248 44 19 rait
1216 1248 116 23 récupérée
1351 1254 29 14 au
1395 1253 79 19 moyen
1493 1250 26 19 de
1538 1252 62 18 taxes
1617 1251 35 19 d'a-

1154 1272 53 19 chat
1225 1276 28 16 ou
1270 1272 27 20 de
1314 1273 106 22 première
1439 1274 183 19 transformation
1639 1275 21 19 et

1154 1295 101 20 servirait
1274 1296 14 19 à
1308 1296 192 20 l'amortissement
1519 1297 27 20 de
1563 1298 22 18 la
1602 1298 60 19 dette

1155 1319 180 24 tchécoslovaque
1353 1324 78 15 envers
1449 1321 32 18 les
1500 1321 137 19 Etats-Unis.

1179 1343 29 19 Le
1223 1345 105 18 montant
1345 1348 43 19 peu
1405 1344 59 19 élevé
1482 1344 27 19 de
1527 1345 57 19 cette
1601 1345 60 19 dette

1154 1367 138 23 permettrait
1305 1367 14 20 à
1332 1367 21 19 la
1364 1367 196 23 Tchécoslovaquie
1571 1368 27 20 de
1609 1369 41 19 l'ac-

1154 1391 82 23 quitter
1252 1396 29 15 en
1297 1395 43 19 peu
1356 1391 111 20 d'années.
1481 1401 26 4 —
1521 1392 89 19 Reuter.

1168 1433 39 19 UN
1226 1433 102 19 OFFICE
1345 1432 78 20 POUR
1441 1433 34 19 LE
1494 1433 159 19 COMMERCE

1202 1463 161 19 AMERICAIN
1386 1463 19 19 A
1428 1462 191 20 L'ETRANGER?

1181 1498 130 23 New-York,
1335 1498 23 19 17
1380 1497 120 20 décembre.
1522 1508 26 4 —
1569 1498 37 20 On
1626 1503 29 19 ap-

1157 1523 70 23 prend
1240 1523 26 19 de
1277 1527 77 15 source
1366 1522 51 20 sûre
1430 1527 42 18 que
1484 1523 21 19 le
1518 1522 86 21 Comité
1616 1523 38 23 spé-

1155 1548 44 19 cial
1211 1547 81 22 chargé
1303 1547 110 20 d'obtenir
1425 1546 38 20 des
1476 1548 122 21 avantages
1608 1547 47 19 d'or-

1156 1572 39 20 dre
1211 1571 139 20 commercial
1367 1575 52 15 avec
1435 1571 32 19 les
1483 1575 55 19 pays
1553 1571 115 23 étrangers

1155 1601 40 15 sur
1211 1597 21 19 la
1249 1596 53 20 base
1318 1596 54 19 d'un
1389 1595 129 20 traitement
1536 1595 131 23 réciproque,

1156 1625 52 15 sous
1222 1621 22 19 la
1257 1620 108 20 direction
1378 1620 27 19 de
1419 1620 31 19 M.
1465 1620 84 22 George
1564 1620 27 19 N.
1604 1619 63 24 Peek,

1157 1646 80 19 ancien
1252 1645 182 19 administrateur
1449 1644 27 20 de
1493 1652 8 8 «
1518 1643 149 23 L'Agricultu-

1158 1670 32 19 ral
1206 1669 156 23 Adjustement
1379 1677 17 14 »,
1412 1668 102 23 envisage
1530 1668 23 19 la
1570 1668 98 20 création

1157 1695 53 19 d'un
1228 1694 74 19 Office
1320 1693 82 22 chargé
1419 1693 27 18 de
1464 1693 111 22 s'occuper
1593 1692 63 19 exclu-

1157 1719 109 20 sivement
1294 1718 32 20 du
1354 1720 121 17 commerce
1505 1716 121 20 américain
1654 1716 14 20 à

1158 1743 123 22 l'étranger.

1183 1768 40 20 Cet
1239 1767 74 20 Office
1329 1766 174 21 fonctionnerait
1516 1769 52 16 sous
1581 1765 23 20 la
1618 1769 39 16 sur-

1159 1792 105 20 veillance
1284 1791 29 20 du
1333 1791 177 23 gouvernement.
1528 1790 29 19 Le
1576 1793 81 19 gouver-

1159 1819 91 17 nement
1264 1816 152 23 participerait
1430 1819 29 16 au
1475 1815 152 18 financement
1642 1813 26 21 de

1160 1841 94 21 l'Office,
1271 1840 27 19 de
1315 1844 104 16 conserve
1437 1843 52 16 avec
1507 1838 122 20 l'industrie
1646 1840 23 18 et

1159 1866 20 19 le
1199 1869 120 15 commerce
1336 1863 79 24 privés.

1184 1889 29 21 Le
1227 1889 83 23 capital
1323 1888 27 20 de
1364 1888 88 20 l'Office
1465 1886 123 21 s'élèverait
1600 1886 15 21 à
1629 1890 28 15 en-

1160 1914 62 19 viron
1243 1917 30 15 un
1294 1913 96 19 milliard
1424 1912 27 19 de
1484 1911 88 20 dollars.
1606 1912 63 19 CeUe

1160 1942 81 18 agence
1257 1938 68 19 serait
1342 1936 92 23 chargée
1452 1935 26 21 de
1495 1936 137 20 coordonner
1647 1936 21 19 la

1160 1962 131 23 répartition
1306 1961 27 20 de
1350 1961 23 19 la
1390 1960 130 24 production
1537 1959 132 21 américaine

1159 1991 39 15 sur
1216 1986 19 20 le
1254 1985 91 20 marché
1361 1984 105 20 mondial.

1184 2011 30 19 Le
1229 2010 179 23 gouvernement,
1422 2013 57 19 pour
1493 2008 131 23 augmenter
1638 2008 32 20 les

1160 2034 141 23 contingents
1315 2033 83 21 alloués
1412 2033 14 20 à
1440 2033 154 23 l'exportation
1609 2032 49 20 amé-

1160 2059 82 20 ricaine
1259 2061 23 18 et
1298 2057 115 21 améliorer
1430 2058 32 19 les
1477 2057 101 20 marchés
1594 2057 64 20 étran-

1161 2088 54 18 gers,
1232 2088 24 15 se
1274 2083 102 19 servirait
1393 2082 40 20 des
1450 2082 70 19 droits
1538 2081 27 20 de
1584 2081 86 20 douane

1161 2110 22 18 et
1204 2107 26 21 de
1253 2107 69 20 droits
1343 2106 165 24 d'importation
1530 2110 45 15 aux
1595 2106 75 18 Etats-

1160 2132 48 19 Uiis
1225 2136 85 15 comme
1329 2131 135 19 instrument
1482 2130 26 20 de
1525 2129 145 23 négociation.

1186 2156 33 19 En
1239 2156 49 23 plus
1307 2156 39 19 des
1376 2155 81 19 efforts
1487 2155 110 22 entrepris
1616 2158 55 19 pour

1161 2181 88 19 trouver
1262 2180 39 19 des
1312 2179 124 20 débouchés
1448 2178 50 24 plus
1509 2178 161 20 considérables

1161 2205 14 19 à
1192 2204 123 22 l'étranger,
1331 2204 39 19 des
1387 2203 120 20 tentatives
1522 2203 27 19 de
1566 2203 93 19 centrali-

1161 2229 73 20 sation
1249 2228 152 20 commerciale
1416 2228 76 19 seront
1508 2227 67 20 faites
1591 2228 22 18 et
1630 2231 28 15 au-

1162 2254 73 19 raient
1246 2257 55 19 pour
1312 2252 41 20 but
1364 2251 92 21 d'élever
1467 2252 33 18 les
1512 2252 48 22 prix
1571 2251 40 20 des
1621 2255 37 15 ma-

1162 2277 65 20 tières
1243 2276 119 24 premières
1377 2280 29 16 en
1423 2276 142 19 maintenant
1581 2276 22 18 la
1619 2279 40 19 pro-

1161 2302 91 19 duction
1270 2301 57 19 dans
1345 2300 32 20 les
1394 2300 82 19 limites
1494 2300 30 19 du
1542 2299 129 22 contingent

1162 2325 67 24 prévu
1250 2329 55 20 pour
1325 2324 154 23 l'exportation
1501 2325 23 18 et
1544 2328 30 15 en
1597 2323 62 24 proté-

1163 2350 67 22 geant
1242 2349 20 20 le
1275 2353 120 15 commerce
1408 2349 77 19 contre
1496 2348 40 19 des
1548 2344 49 27 prix
1610 2346 49 20 exté-

1163 2375 69 18 rieurs
1245 2375 50 21 trop
1308 2373 47 19 bas.

1188 2398 35 19 On
1236 2397 105 22 souligne,
1356 2397 13 19 à
1383 2401 24 15 oe
1420 2396 66 23 sujet,
1498 2396 121 23 qu'aucune
1632 2395 27 19 dé-

1162 2422 69 20 cision
1253 2421 115 20 définitive
1390 2421 38 19 n'a
1448 2424 80 16 encore
1550 2419 35 21 été
1607 2420 64 23 prise.

1162 2456 26 4 —
1203 2445 89 20 Reuter.

1228 2502 55 26 DES
1305 2501 96 27 LOUPS
1427 2501 37 26 EN
1492 2500 116 27 FRANCE

1188 2569 127 19 Chaumont
1334 2569 6 16 f
1344 2568 72 19 Haute
1431 2568 99 20 Marne).
1546 2567 23 19 17
1584 2566 75 21 décem-

1162 2593 45 20 bre.
1219 2602 26 5 —
1258 2593 45 18 Par
1314 2592 57 19 suite
1387 2592 30 19 du
1433 2591 71 23 grand
1519 2591 65 22 froid,
1598 2596 30 15 on
1639 2591 20 18 si-

1162 2616 65 23 gnale
1239 2618 21 18 la
1270 2615 104 24 présence
1385 2615 27 19 de
1423 2615 63 23 loups
1497 2616 57 19 dans
1562 2614 22 19 la
1595 2614 76 24 région

1163 2641 26 18 de
1210 2639 150 20 S?.int-Dizier
1369 2644 5 16 :
1397 2639 59 19 deux
1474 2638 65 23 loups
1579 2641 40 16 ont
1636 2638 35 19 été

1162 2668 93 18 aperçus
1272 2667 44 15 aux
1333 2663 123 20 Montants,
1473 2663 39 19 des
1526 2662 89 19 battues
1632 2663 40 18 ont

1161 2688 36 19 été
1207 2687 133 23 organisées.
1352 2696 27 4 —
1389 2687 81 19 Havas.

677 3459 49 20 Une
745 3457 89 25 gentille
852 3457 86 20 famille
955 3457 28 19 de
999 3455 67 24 petits
1083 3455 39 20 fox
1137 3460 41 18 que
1195 3455 49 18 leur
1257 3453 59 20 mère
1334 3458 40 19 pro-

677 3495 70 23 mène,
764 3495 21 19 le
799 3494 50 24 plus
865 3492 158 21 sérieusement
1036 3492 30 19 du
1080 3491 87 22 monde,
1178 3491 57 19 dans
1247 3495 43 14 une
1302 3490 85 19 voiture

834 3530 56 19 faite
904 3528 156 24 spécialement
1078 3532 57 19 pour
1152 3532 49 14 eux.

1471 2766 35 29 LE
1525 2766 99 29 JAPON

1423 2807 65 29 AUX
1496 2799 178 39 ÉTATS-UNIS

1452 2856 76 23 Tokio,
1545 2857 24 19 17
1585 2857 75 20 décem-

1428 2880 44 20 bre.
1487 2891 27 4 —
1528 2882 33 18 De
1576 2881 97 24 l'agence

1428 2905 77 22 Rengo
1521 2909 6 15 :

1453 2929 36 19 On
1500 2928 86 25 prévoit
1596 2934 42 19 que
1650 2930 22 20 la

1428 2952 140 20 nomination
1591 2954 28 20 de
1642 2955 30 18 M.

1428 2977 90 19 Hircshi
1557 2978 63 19 Saito
1659 2978 13 20 k

1454 3000 145 21 l'ambassade
1616 3002 27 20 de

1429 3025 147 23 Washington
1622 3031 49 15 sera

1428 3048 83 20 rendue
1530 3049 103 21 officielle
1652 3051 21 19 le

1430 3073 22 18 19
1488 3072 120 22 décembre.
1641 3075 31 19 M.

1428 3096 63 20 Saito
1519 3102 25 15 se
1573 3098 99 21 rendrait

1428 3120 145 22 directement
1592 3123 28 19 de
1641 3123 30 18 La

1427 3145 69 22 Haye,
1510 3145 29 19 où
1554 3145 16 19 il
1585 3147 34 18 est
1634 3151 25 14 ac-

1427 3169 128 20 tuellement
1572 3170 100 20 ministre

1427 3192 30 19 du
1476 3193 79 22 Japon,
1574 3194 15 19 à
1608 3194 51 19 Was-

1427 3216 100 24 hington,
1546 3222 54 15 sans
1619 3222 40 20 pas-

1426 3245 36 15 ser
1473 3246 41 15 Dar
1526 3242 74 20 Tokio.

1452 3265 66 19 Selon
1548 3266 32 19 les
1609 3266 50 23 jour-

1427 3292 65 19 naux,
1519 3289 23 19 la
1568 3290 90 19 nomina-

1427 3313 47 19 tion
1483 3314 29 18 de
1522 3315 30 18 M.
1563 3314 63 20 Saito
1634 3319 24 14 se-

1426 3337 45 18 rait
1494 3337 99 24 l'origine
1617 3338 53 20 d'un

1426 3360 123 23 important
1581 3366 77 16 mouve-

1426 3386 62 19 ment
1508 3385 163 24 diplomatique.

1424 3410 30 19 M.
1463 3404 114 27 Toshiîiïk,
1587 3409 71 21 actuel-

1426 3433 82 20 lement
1519 3434 82 22 chargé
1613 3434 46 20 d'af-

1427 3457 66 20 faires
1516 3457 13 19 à
1552 3458 107 23 Washing-

1427 3480 46 22 ton,
1493 3481 69 20 serait
1583 3481 88 20 nommé

1427 3505 157 20 ambassadeur
1604 3505 15 20 à
1639 3506 31 19 La

1426 3529 69 22 Haye.
1507 3538 28 5 —
1545 3528 76 24 Belga.

1684 292 93 59 LE
1820 277 367 73 GÉNÉRAL

1801 375 55 46 O'
1874 373 204 48 DUFFY

1746 446 35 36 A
1811 438 29 44 É
1840 437 61 44 TÉ
1930 443 102 39 ARR
2035 439 89 43 ÊTÉ

1682 521 28 30 IL
1719 521 133 30 PORTAIT
1863 520 39 30 LA
1912 519 152 32 «CHEMISE
2074 521 93 31 BLEUE
2174 526 12 16 »

1816 590 57 30 DES
1892 589 163 32 BAGARRES

1784 635 33 29 SE
1830 634 78 30 SONT
1918 633 170 32 PRODUITES

1777 691 41 21 (De
1832 691 63 19 notre
1910 692 186 21 correspondant.)

1709 719 103 23 Londres.
1834 719 22 19 17
1876 717 119 22 décembre.
2014 729 26 5 —
2063 721 52 19 (Par
2135 719 42 21 télé-

1685 744 91 22 phone).
1792 753 26 4 —
1834 744 30 18 Le
1882 750 8 7 ••
1909 742 63 19 News
1988 744 116 20 Chronicle
2122 753 9 8 »
2149 749 29 19 ap-

1685 768 70 22 prend
1773 772 25 15 ce
1816 767 46 19 soir
1880 770 41 19 que
1940 765 20 20 le
1980 767 88 22 général
2087 769 103 21 O'Duffy.

1685 791 51 19 chef
1751 791 30 20 du
1795 791 59 24 parti
1869 791 27 19 de
1912 789 101 22 l'Irlande
2029 791 81 21 unifiée
2126 798 13 14 a
2155 791 34 21 été

1685 815 72 19 arrêté
1768 813 139 25 aujourd'hui
1914 817 41 19 par
1961 813 22 21 la
1994 815 68 23 police
2073 817 27 19 de
2111 816 78 20 l'Et-at-

1686 839 69 21 Libre,
1772 840 59 18 alors
1847 838 51 24 qu'il
1914 842 24 15 se
1956 839 120 22 présentait
2092 845 30 15 en
2140 840 38 20 uni-

1686 863 70 19 forme
1767 863 26 19 de
1806 871 8 8 «
1825 862 95 20 chemise
1932 861 62 21 bleue
2006 872 8 7 »
2027 864 14 20 à
2052 868 31 15 un
2095 864 96 22 meeting

1686 887 103 23 politique
1803 888 14 19 à
1831 886 131 22 West-Port,
1976 887 55 20 dans
2044 888 21 20 le
2078 888 72 20 comté
2164 889 26 19 de

1685 911 71 22 Mayo.

1710 935 48 19 Une
1770 934 95 21 sérieuse
1876 933 156 22 échauffourée
2043 937 39 19 eut
2093 936 44 20 lieu
2149 940 29 16 en-

1686 957 33 21 tre
1733 958 32 20 les
1780 961 78 20 agents
1872 958 26 19 de
1914 956 69 23 police
1996 961 23 18 et
2034 960 31 19 les
2079 960 111 24 partisans

1685 982 30 19 du
1730 982 89 23 général
1835 981 103 22 OTHiffy,
1954 985 28 17 au
1997 986 98 18 moment
2109 984 29 20 où
2153 988 25 15 ce-

1686 1006 63 19 lui-ci
1763 1007 36 19 fut
1813 1006 71 19 arrêté
1896 1008 24 16 et
1933 1006 90 21 conduit
2036 1008 14 19 à
2063 1008 23 19 la
2100 1011 90 16 caserne

1686 1030 26 19 de
1726 1030 76 23 police.

1710 1054 30 19 Ce
1764 1054 82 22 furent,
1869 1053 32 19 dit
1923 1052 22 20 le
1967 1056 172 22 correspondant
2160 1056 30 19 du

1686 1084 9 9 «
1712 1078 64 19 News
1791 1076 116 21 Chronicle
1924 1085 17 12 -,
1955 1077 40 20 des
2007 1079 78 20 scènes
2100 1079 90 20 inouies.

1710 1102 44 18 Des
1768 1102 116 20 centaines
1899 1100 99 23 d'agents
2013 1102 84 21 étaient
2114 1104 14 19 à
2144 1104 47 18 leur

1685 1127 69 20 poste,
1769 1126 99 18 formant
1881 1124 40 19 des
1935 1124 92 22 cordons
2041 1129 49 18 tout
2104 1127 21 20 le
2139 1127 52 22 long

1686 1148 38 19 des
1741 1152 75 16 routes
1832 1148 134 20 conduisant
1982 1149 15 20 à
2012 1150 23 19 la
2052 1151 56 20 salle
2123 1151 29 19 où
2171 1151 20 18 le

1686 1173 97 22 meeting
1803 1173 74 19 devait
1896 1171 62 20 avoir
1976 1172 49 22 lieu.
2045 1176 44 18 Des
2107 1175 84 20 soldats

1686 1197 91 20 portant
1788 1195 20 20 le
1819 1199 79 19 casque
1911 1195 143 22 (te„t*anchéc
2064 1199 23 18 et
2099 1198 19 19 le
2132 1202 48 14 mas-

1685 1223 42 18 que
1738 1219 15 20 â
1764 1224 45 19 gaz.
1821 1220 52 19 fusil
1885 1223 30 15 au
1926 1219 72 24 poing,
2010 1223 74 19 munis
2094 1223 27 19 de
2128 1223 50 19 bom-

1686 1242 38 22 bes
1746 1243 169 24 lacrymogènes,
1943 1244 164 22 patrouillaient
2135 1246 56 20 dans

1685 1267 39 18 des
1737 1268 99 19 camions
1851 1267 148 22 automobiles.

1711 1290 143 20 L'assemblée
1874 1290 56 19 était
1946 1294 29 15 au
1993 1292 93 24 complet
2106 1293 85 23 lorsque

1686 1313 38 20 des
1735 1315 101 22 policiers
1846 1315 14 19 à
1870 1314 84 20 cheval,
1964 1316 118 23 précédant
2093 1318 98 20 l'arrivée

1686 1337 30 20 du
1731 1338 89 23 général
1836 1338 97 24 O'Duffy
1947 1343 24 16 se
1985 1340 152 24 présentèrent
2152 1343 39 19 de-

1688 1365 7 16 \
1701 1366 41 17 .;nt
1754 1362 20 19 le
1786 1362 63 21 local.

1710 1385 59 19 Tous
1784 1385 32 19 les
1843 1385 119 19 assistants
1976 1386 74 21 furent
2065 1388 114 23 soigneuse-

1686 1410 61 18 ment
1762 1408 113 20 examinés
1886 1411 22 17 et
1922 1413 54 15 ceux
2000 1412 90 22 portant
2101 1414 24 19 la
2139 1412 40 20 che-

1687 1432 54 20 mise
1753 1432 63 20 bleue
1828 1434 75 18 furent
1916 1434 115 20 emmenés.

1712 1456 95 23 Lorsque
1825 1455 98 20 l'arrivée
1942 1456 30 20 du
1990 1458 87 23 général
2096 1460 96 19 O'Duffv

1688 1478 35 20 fut
1737 1479 104 24 signalée,
1856 1480 20 19 le
1891 1479 83 20 cordon
1985 1482 26 19 de
2025 1483 69 23 police
2108 1488 24 15 se
2145 1488 35 14 res-

1686 1506 61 16 serra
1761 1505 24 18 et
1796 1504 21 20 le
1832 1503 88 24 génér*!
1934 1504 36 19 fut
1983 1506 103 23 empêché
2099 1508 27 19 de
2138 1511 42 15 con-

1688 1527 74 18 tinuer
1776 1531 26 15 sa
1815 1528 96 19 marche.

1713 1550 37 19 On
1761 1550 32 20 lui
1809 1551 33 19 dit
1854 1551 52 24 qu'il
1920 1551 69 20 serait
2001 1557 40 20 pas
2053 1554 97 20 autorisé
2178 1554 14 18 k

1688 1574 87 19 monter
1790 1579 38 15 sur
1844 1574 102 20 l'estrade
1971 1579 55 20 pour
2041 1583 13 18 y
2071 1581 122 21 prononcer

1687 1601 42 15 son
1741 1598 104 20 discours,
1860 1603 66 18 parce
1941 1599 50 23 qu'il
2005 1602 83 22 portait
2103 1603 21 19 la
2139 1603 41 18 che-

1688 1621 55 19 mise
1758 1621 69 21 bleue.
1839 1623 30 18 Le
1885 1621 88 24 général
1987 1625 99 24 n'essaya
2098 1630 42 19 pas
2165 1627 27 17 de

1688 1644 95 23 résister,
1796 1647 57 18 mais
1865 1646 95 19 aussitôt
1971 1646 15 20 il
1999 1649 35 19 fut
2046 1650 93 19 entouré
2152 1653 42 20 par

1688 1673 43 16 une
1746 1669 58 20 foule
1818 1669 158 24 enthousiaste,
1988 1674 35 20 qni
2037 1673 99 23 dispersa
2161 1673 32 19 les

1688 1692 96 23 policier,
1796 1694 23 19 et
1829 1693 114 20 l'acclama
1954 1693 15 20 à
1980 1697 80 21 grands
2069 1697 50 19 cris.

1713 1717 42 18 Les
1769 1719 78 20 agents
1860 1717 108 19 sortirent
1992 1718 58 21 leurs
2061 1722 132 22 matraques.

1688 1740 59 19 Mais
1759 1740 29 19 ils
1801 1741 77 19 furent
1892 1741 115 23 maîtrisés,
2018 1736 74 28 tandis
2106 1749 41 19 que
2163 1746 31 17 les

1690 1764 112 23 partisans
1818 1765 31 19 du
1866 1764 89 23 général
1971 1766 91 21 criaient
2078 1772 6 15 :
2114 1776 10 9 •
2140 1768 53 20 Vive

1689 1788 98 23 O'Duffy
1796 1788 6 19 !
1811 1796 10 9 »

1714 1811 49 20 Une
1775 1811 52 20 ruée
1840 1811 53 20 folle
1905 1816 24 15 se
1941 1813 111 21 produisit.
2062 1816 30 19 Le
2106 1815 87 24 général

1690 1836 36 19 fut
1738 1835 77 20 enlevé
1827 1840 41 19 par
1880 1835 26 19 de
1917 1835 80 21 solides
2008 1838 104 23 gaillards
2124 1839 37 24 qui
2173 1839 21 19 le

1689 1859 110 20 hissèrent
1813 1864 39 14 sur
1864 1860 60 19 leurs
1936 1859 86 23 épaules
2035 1864 23 17 et
2072 1863 20 19 le
2107 1867 74 19 prome-

1690 1884 79 19 nèrent
1783 1883 14 20 à
1810 1885 86 17 travers
1905 1883 22 19 la
1941 1883 64 21 fo»le.
2018 1886 62 19 Dans
2092 1886 23 20 la
2127 1890 56 19 pous-

1689 1907 44 21 sée,
1749 1907 39 20 des
1804 1907 100 19 hommes
1918 1908 24 18 et
1956 1907 40 20 des
2010 1910 92 20 femmes
2118 1911 76 19 lurent

1691 1931 99 24 piétines.
1926 1940 4 3 •
1953 1940 11 5 -
1973 1939 10 6 -

1714 1955 29 20 Le
1758 1954 89 24 général
1860 1955 36 19 fut
1909 1954 90 21 conduit
2011 1956 14 19 à
2037 1956 107 22 l'estrade.

1715 1980 59 18 Mais
1785 1979 23 19 la
1823 1979 76 23 police,
1925 1983 33 14 un
1971 1982 97 18 moment
2082 1981 113 20 débordée,

1689 2003 74 19 s'était
1776 2002 108 20 reformée
1899 2002 23 20 et
1937 2002 39 20 des
2002 2004 96 20 renforts
2110 2005 85 19 étaient

1691 2027 89 20 arrivés.
1791 2027 46 20 Elle
1847 2026 95 23 s'élança
1952 2026 15 19 à
1975 2030 41 17 son
2026 2029 50 18 tour
2086 2033 49 15 vers
2145 2029 39 19 l'es-

1691 2051 63 19 trade
1767 2051 22 18 et
1801 2055 86 15 somma
1897 2050 21 20 le
1930 2049 88 24 général
2030 2052 26 20 de
2069 2053 82 22 quitter
2173 2053 22 19 la

1691 2075 69 24 place.

1716 2099 104 21 O'Duffy,
1835 2103 61 15 serra
1912 2098 40 19 des
1968 2098 71 22 mains
2054 2100 37 20 qui
2106 2104 24 16 se
2144 2101 39 18 ten-

1691 2123 76 20 daient
1778 2127 50 15 vers
1838 2123 38 19 lui.
1886 2122 58 20 Mais
1952 2125 36 16 ses
1998 2124 111 22 partisans
2120 2125 76 19 furent

1692 2146 85 20 écartés
1791 2151 43 19 par
1845 2146 33 19 les
1890 2145 101 24 policiers
2004 2148 24 18 et
2044 2148 93 20 ceux-ci.
2167 2151 28 15 au

1691 2171 90 19 nombre
1792 2171 66 19 d'une
1868 2169 109 21 centaine,
1990 2170 119 20 formaient
2121 2171 63 20 main-

1691 2195 80 19 tenant
1783 2199 44 14 une
1838 2193 68 20 solide
1918 2192 95 21 barrière
2025 2194 80 20 autour
2117 2195 30 19 du
2158 2194 25 23 gé-

1692 2218 62 20 néral
1772 2219 37 22 qui
1821 2222 24 16 se
1864 2217 66 20 laissa
1949 2217 83 20 arrêter
2050 2219 24 19 et
2092 2218 103 21 conduire

1691 2242 14 19 à
1718 2243 22 19 la
1753 2246 91 16 caserne
1856 2242 27 19 de
1895 2240 77 23 police.

1715 2267 42 18 Les
1768 2266 72 19 forces
1865 2264 112 24 policières
1991 2265 87 20 avaient
2091 2265 36 21 été
2140 2266 43 19 dou-

1691 2290 60 19 blées
1769 2290 81 19 autour
1867 2289 27 20 de
1908 2289 58 19 cette
1985 2293 95 18 caserne,
2096 2294 38 15 car
2152 2294 44 15 une

1692 2314 59 19 foule
1764 2313 105 20 hurlante
1880 2318 23 15 se
1914 2313 93 22 pressait
2021 2318 44 14 aux
2079 2313 118 21 alentours,

1692 2338 74 19 criant
1783 2342 5 14 :
1809 2345 9 8 <■
1836 2337 53 19 Vive
1905 2337 20 19 le
1943 2335 88 24 général
2047 2337 112 23 O'Duffy!
2180 2345 17 13 ",

1692 2362 75 19 tandis
1778 2365 41 19 que
1831 2361 38 19 des
1878 2359 112 25 partisans
1998 2361 27 19 de
2037 2362 30 18 M.
2079 2361 27 19 de
2116 2361 80 19 Valera

1692 2386 93 19 criaient
1798 2385 28 19 de
1839 2386 48 18 leur
1898 2383 48 21 côté
1960 2387 6 15 :
1981 2392 8 8 «
1997 2385 19 18 A
2028 2385 40 19 bas
2079 2384 33 19 les
2127 2392 8 9 <■
2144 2385 40 18 che-

1692 2410 66 18 mises
1770 2409 73 19 bleues
1863 2409 6 18 !
1884 2416 17 11 ».

1717 2434 33 19 De
1765 2432 121 20 l'intérieur
1902 2431 27 20 de
1945 2431 23 20 la
1984 2435 96 17 caserne,
2092 2432 20 19 le
2130 2431 54 24 géné-

1692 2457 34 19 ral
1739 2456 97 22 O'Duffy
1847 2456 39 23 put
1896 2455 117 20 s'adresser
2026 2460 32 15 un
2071 2457 99 18 moment
2183 2455 14 20 â

1692 2485 36 15 ses
1740 2481 113 22 partisans
1865 2478 81 20 massés
1960 2479 56 19 dans
2027 2479 22 19 la
2062 2484 46 15 rue.

1720 2512 8 8 «
1736 2504 82 22 Peuple
1835 2503 109 20 d'Irlande
1955 2503 13 22 !,
1988 2503 99 21 criait-il.
2108 2504 23 23 je
2151 2503 47 20 suis

1694 2532 56 15 venu
1763 2528 29 19 ici
1806 2532 55 18 pour
1875 2531 53 15 vous
1940 2526 82 24 parler;
2039 2528 57 19 mais
2110 2528 38 22 j'ai
2162 2527 36 20 été

1693 2552 73 20 arrêté
1780 2556 66 19 parce
1872 2555 41 19 que
1942 2550 22 23 je
1982 2551 62 22 porte
2061 2551 22 19 la
2101 2551 96 21 chemise

1693 2576 70 19 bleue.
1794 2576 68 18 Notre
1893 2574 139 19 mouvement
2061 2575 137 19 continuera.

1693 2600 79 19 Restez
1784 2599 77 20 calme.
1872 2599 59 19 Nous
1941 2598 162 23 triompherons
2115 2598 83 23 malgré

1694 2628 41 19 que
1749 2624 22 22 je
1784 2623 46 19 sois
1840 2627 30 15 en
1884 2622 79 24 prison.
1978 2630 9 8 »

1718 2648 30 18 Le
1762 2647 53 19 chef
1828 2647 27 19 de
1868 2646 22 20 la
1905 2645 69 24 police
1990 2650 14 15 a
2021 2645 85 21 déclaré
2122 2650 42 18 que
2177 2645 21 20 le

1694 2670 89 24 général
1800 2670 97 23 O'Duffy
1912 2669 79 19 restait
2006 2669 82 20 détenu
2105 2674 56 19 pour
2179 2669 19 19 le

1693 2695 105 21 moment,
1813 2694 58 19 mais
1884 2693 51 24 qu'il
1948 2698 28 15 ne
1992 2693 90 24 pouvait
2097 2688 47 24 dire
2157 2697 29 15 en-

1694 2723 50 14 core
1757 2718 34 18 s'il
1804 2718 20 19 le
1837 2718 69 19 serait
1918 2718 122 22 longtemps
2050 2718 23 18 et
2084 2717 34 19 s'il
2130 2717 70 19 serait

1695 2740 83 21 accusé.
1901 2753 25 7 ->.
1970 2747 8 10 •

1719 2766 19 18 A
1753 2765 131 20 West-Port.
1901 2764 113 20 forteresse
2031 2764 40 19 des
2086 2764 113 23 partisans

1695 2788 30 20 du
1742 2788 89 23 général
1847 2789 103 22 O'Duffy.
1980 2788 33 19 les
2032 2787 107 20 autorités
2160 2788 39 19 ont

1694 2812 47 23 pris
1752 2812 40 19 des
1804 2816 97 15 mesures
1911 2812 104 19 sérieuses
2026 2816 55 18 pour
2094 2811 56 20 faire
2162 2812 25 18 fa-

1694 2840 25 14 ce
1732 2836 14 19 à
1758 2835 91 24 quelque
1861 2835 106 20 situation
1978 2836 37 23 qui
2027 2836 72 22 puisse
2111 2840 24 15 se
2148 2838 39 20 pré-

1693 2860 81 19 senter.
1790 2860 173 22 D'importantes
1992 2860 70 19 forces
2078 2859 28 19 de
2123 2859 76 23 police,

1694 2883 125 20 renforcées
1832 2888 40 18 par
1885 2884 39 19 des
1935 2883 89 21 soldats,
2038 2884 52 18 sont
2105 2883 73 24 prêtes
2185 2883 13 19 à

1694 2908 61 19 toute
1769 2906 140 20 éventualité.
1923 2907 58 19 Elles
1995 2907 107 23 pourront
2118 2906 69 24 répon-

1694 2932 39 19 dre
1745 2931 14 19 â
1771 2932 49 18 tout
1831 2931 65 23 appel
1907 2931 120 22 d'urgence,
2038 2931 58 19 dans
2107 2930 91 23 l'espace

1694 2955 27 20 de
1733 2955 104 23 quelques
1849 2955 102 20 minutes.

1719 2980 32 18 De
1768 2979 141 19 nombreuses
1922 2979 74 19 autres
2009 2978 143 20 arrestations
2159 2979 38 19 ont

1694 3002 35 20 été
1740 3002 90 24 opérées
1844 3002 64 23 après
1919 3007 41 18 que
1974 3003 19 19 le
2008 3002 89 24 général
2110 3002 39 20 eût
2163 3002 35 20 été

1694 3026 79 21 amené
1786 3026 15 20 à
1813 3026 22 20 la
1851 3030 88 16 caserne
1954 3026 27 20 de
1994 3026 77 24 police.

2210 287 157 47 APRES
2405 288 56 46 LE
2496 285 219 47 MEURTRE

2265 358 52 36 DU
2332 359 24 35 R
2359 358 38 36 OI
2419 358 118 36 NADIR
2558 356 100 36 SHAH

2339 434 83 30 DEUX
2445 433 144 30 AFGHANS

2319 478 61 30 ONT
2390 472 57 35 ÉTÉ
2456 469 151 38 EXÉCUTÉS

2283 547 39 30 LA
2335 548 95 29 FOULE
2443 547 95 30 AVAIT
2548 538 98 38 TENTÉ

2338 592 39 29 DE
2386 592 51 29 LES
2450 590 140 31 LYNCHER

2236 653 102 22 Londres,
2356 654 23 18 17
2395 653 121 20 décembre.
2531 663 26 5 —
2574 654 30 18 La
2621 651 97 24 légation

2211 677 170 23 d'Afghanistan
2391 677 14 20 à
2417 677 102 21 Londres,
2530 676 73 25 publie
2615 682 31 15 un
2658 681 47 15 com-

2211 702 104 23 muniqué
2328 701 83 20 officiel
2425 703 129 20 annonçant
2568 705 47 20 quo,
2628 701 90 19 suivant

2212 725 38 19 d'-s
2272 730 108 19 messages
2402 730 63 19 reçus
2487 726 26 19 de
2535 725 83 20 Caboul
2621 740 4 5 .
2647 724 47 20 Abd
2697 728 12 15 u
2712 724 6 18 1

2212 750 88 23 Khaliq.
2313 750 116 19 meurtrier
2441 750 30 19 du
2485 750 33 18 roi
2531 749 69 19 Nadir
2613 749 70 20 Shah,
2695 749 23 18 ot

2213 773 53 19 trois
2302 775 75 18 autres
2413 774 102 22 Afghans
2547 777 6 15 :
2592 772 127 21 Malunood.

2212 796 109 21 Abdullah
2343 799 23 18 et
2387 798 74 22 Ishaq,
2483 796 115 25 impliqués
2620 797 56 19 dans
2698 796 20 19 le

2212 821 73 21 crime,
2297 822 51 18 sont
2360 821 75 24 passés
2447 821 49 19 hier
2508 826 28 14 en
2549 821 121 23 jugement.

2237 845 70 19 Abdul
2318 845 82 24 Khaliq
2410 847 24 18 et
2444 845 119 20 Mahmood
2575 847 39 18 ont
2624 844 35 20 été
2665 848 42 15 con-

2213 868 92 20 damnés
2328 869 14 19 â
2366 871 58 17 mort
2446 871 24 18 et
2491 869 103 20 exécutés
2617 868 102 23 quelques

2213 893 79 18 heures
2310 892 49 24 plus
2378 893 56 19 tard.
2453 894 40 18 Les
2512 893 57 19 deux
2587 893 76 19 autres
2680 896 27 15 ac-

2213 916 62 19 cusés
2286 918 39 18 ont
2335 916 36 19 été
2383 916 134 20 condamnés
2528 917 14 20 à
2554 916 153 21 l'emprisonne-

2213 942 61 17 ment
2285 939 118 24 perpétuel.

2237 964 49 19 Une
2310 964 58 19 foule
2391 963 149 20 considérable
2564 969 14 15 a
2601 963 118 21 manifesté

2212 987 82 19 devant
2308 987 23 19 la
2344 987 75 24 prison
2432 990 24 17 et
2470 993 14 14 a
2497 989 76 22 essayé
2587 989 27 19 de
2628 988 91 22 lyncher

2214 1011 31 20 les
2255 1012 78 22 quatre
2345 1012 139 23 prisonniers,
2495 1013 23 19 et
2528 1017 25 14 ce
2566 1012 55 20 n'est
2632 1013 88 22 qu'avec

2214 1035 111 19 difficulté
2340 1040 41 19 que
2396 1035 21 19 la
2434 1036 68 23 police
2518 1041 15 14 a
2546 1036 69 20 réussi
2631 1036 13 20 à
2660 1035 47 21 réta-

2214 1059 41 19 blir
2266 1059 84 20 l'ordre.
2361 1069 26 4 —
2397 1060 83 19 Reuter

2214 1135 54 26 LES
2289 1135 25 26 10
2331 1135 56 26 ANS
2406 1135 37 26 DU
2463 1134 173 27 PATRONAGE
2657 1134 64 27 LAÏC

2341 1185 36 26 DE
2397 1185 197 27 SCHAERBEEK

2741 289 116 60 UN
2924 285 324 60 DRAME
3271 283 107 60 UN
3415 277 367 63 INCENDIE

2810 366 113 53 PRÉS
2952 370 60 46 DE
3039 369 134 46 PARIS
3298 351 112 56 PRÈS
3440 361 59 45 DE
3526 356 227 49 VERVIERS

2756 470 39 30 LA
2808 461 226 38 PROPRIÉTAIRE
3047 465 71 30 D'UN
3132 464 100 30 HOTEL

2738 515 54 29 EST
2802 506 124 38 BLESSÉE
2933 513 17 29 P
2952 513 43 29 AR
3002 511 41 30 UN
3051 508 198 32 MALFAITEUR

2803 584 58 30 SON
2872 583 72 34 FILS,
2959 579 124 33 VENANT
3095 580 22 29 A
3127 578 57 30 SON

2847 627 145 31 SECOURS.
3009 625 52 30 EST
3080 616 60 37 TUÉ

1696 3095 68 15 Divers.

1716 3145 8 10 <
1739 3140 68 15 L'Echo
1821 3139 31 16 des
1865 3139 121 16 Travailleurs
2000 3145 16 13 >,
2029 3140 22 15 de
2065 3140 88 18 Verviers.
2167 3144 20 12 or-

1693 3160 91 18 ganisera,
1798 3163 24 11 au
1834 3159 55 16 début
1903 3159 22 16 de
1939 3160 45 17 1934,
1997 3163 26 12 un
2036 3163 88 12 concours
2138 3160 58 16 inter-

1694 3179 71 16 nationl
1780 3180 22 15 de
1817 3179 57 15 chant
1888 3180 18 14 et
1921 3179 22 15 de
1958 3179 74 16 diction.
2047 3179 15 15 I!
2077 3179 87 16 débutera
2179 3179 17 16 le

1693 3199 23 15 2t
1726 3199 47 15 avril
1785 3201 47 16 pour
1844 3202 19 11 se
1876 3198 79 16 clôturer
1967 3199 16 15 le
1996 3199 21 15 20
2029 3199 43 15 mai.
2086 3199 110 18 Renseigne-

1693 3220 70 13 ments.»
1776 3221 23 12 au
1810 3217 109 16 secrétariat
1932 3218 22 16 de
1968 3223 8 9 c
1989 3218 67 15 L'Echo
2069 3218 31 16 des
2112 3218 74 16 Travail-

1693 3237 49 17 leurs
1756 3243 17 10 >.

1714 3270 23 14 Le
1752 3269 76 15 Lvceum
1844 3269 22 15 de
1881 3269 84 18 Belgique
1980 3270 83 16 organise
2079 3272 21 12 sa
2117 3270 29 14 lie
2161 3269 25 15 Ex-

1693 3288 80 18 position
1787 3289 85 15 annuelle
1886 3289 21 15 de
1921 3289 83 18 peinture
2011 3292 18 12 ct
2043 3289 48 15 d'art
2105 3288 90 19 appliqué,

1693 3308 47 15 dans
1755 3308 26 15 les
1795 3307 63 16 salons
1871 3308 24 15 du
1910 3308 46 18 club,
1971 3309 26 17 22,
2013 3309 50 17 place
2079 3309 22 15 de
2117 3309 69 15 l'Indus-

1693 3328 40 17 trie,
1746 3327 98 18 Bruxelles,
1858 3328 25 15 du
1897 3328 19 15 19
1929 3331 24 12 ea
1965 3328 20 15 31
1998 3328 99 15 décembre.

1713 3359 26 15 Aa
1755 3360 76 16 Ljcmm
1847 3358 22 16 de
1884 3358 90 19 Belgique,
1990 3358 17 16 le
2022 3359 50 18 jeudi
2088 3359 20 16 21
2125 3359 61 16 décem-

1692 3379 37 17 bre,
1744 3378 11 15 à
1770 3379 10 15 5
1792 3378 71 18 heures,
1877 3378 107 15 conférence
1998 3382 34 15 par
2046 3379 47 15 Mme
2106 3379 89 16 Schoutc-

1693 3399 102 17 den-Wcry.
1810 3401 33 12 sur
1858 3402 8 9 *
1881 3398 51 15 Piero
1947 3398 47 15 délia
2008 3399 102 15 Francesca
2124 3403 16 11 ».

1715 3417 31 14 Wil
1748 3417 16 14 le
1766 3421 16 11 m
1784 3420 8 11 s
1794 3417 42 15 fond
1838 3421 8 10 s
1848 3416 106 16 -BruxeUes.
1971 3425 23 4 —
2011 3417 57 16 Lundi
2088 3418 19 15 18
2125 3417 60 16 décem-

1693 3437 36 17 bre,
1744 3436 11 15 â
1769 3437 10 14 8
1793 3436 18 15 h.
1826 3437 25 17 30,
1865 3436 97 15 boulevard
1975 3436 24 16 du
2012 3437 182 19 Jardin-Botanique,

1694 3456 24 17 18.
1733 3456 25 15 M.
1773 3456 58 15 Rlkke
1855 3456 80 15 Schmitz
1958 3456 73 18 parera
2047 3457 22 15 de
2084 3456 74 16 l'œuvre
2173 3457 22 15 de

1692 3475 60 16 Guido
1767 3474 76 17 Gczelle.
1857 3475 55 15 Karel
1925 3475 41 16 Van
1980 3475 22 16 de
2016 3475 104 19 Woestljne,
2136 3476 59 18 Cyrlel

1692 3495 73 17 Buysse.
1796 3494 50 15 René
1872 3494 90 18 Dsclercfc:,
1989 3495 129 18 Shakespeare,
2145 3496 49 18 StIJn

1692 3513 93 16 Slreuvels
1795 3515 20 14 et
1825 3514 80 15 Maurice
1915 3514 64 15 Sabbe.
1990 3514 66 16 Entrée
2067 3515 45 15 libre
2123 3515 18 15 et
2152 3518 33 14 gra-

1693 3534 52 15 tuite.

738 3608 17 26 A
779 3607 54 26 L'A.
859 3607 27 26 P.
912 3605 26 27 B.
961 3604 21 28 J.
1006 3604 27 28 S.

653 3674 143 22 L'assemblée
808 3672 101 26 générale
918 3671 118 21 statutaire
1047 3671 27 20 de
1084 3671 45 19 l'As-

630 3700 108 20 sociation
752 3696 181 27 professionnelle
948 3695 61 23 belge
1024 3695 40 20 des
1078 3695 50 23 jour-

630 3724 92 20 nalistes
733 3722 92 24 sportifs
838 3726 13 15 a
863 3726 29 15 eu
904 3721 45 19 lieu
959 3719 118 21 dimanche
1091 3723 35 15 ma-

631 3748 40 20 tin.

655 3771 69 25 Après
737 3774 40 20 que
789 3770 44 19 l'on
845 3769 39 20 eut
896 3767 104 24 applaudi
1014 3772 43 15 aux
1067 3766 60 20 excel-

630 3796 59 20 lents
705 3795 102 23 rapports
824 3793 26 20 de
866 3794 31 18 M.
912 3792 74 20 Pierre
1002 3790 139 22 Destrebecq,

629 3819 118 21 secrétaire
764 3816 89 25 général
877 3817 24 20 ct
918 3816 27 19 de
962 3816 30 19 M.
1010 3815 62 19 Jules
1088 3813 51 21 Vlé-

630 3844 54 21 rick,
695 3842 103 21 trésorier
811 3839 95 24 général,
919 3844 30 15 on
962 3844 66 19 passa
1041 3839 14 20 à
1067 3838 24 20 la
1103 3838 24 20 ré-

630 3867 94 20 élection
734 3865 100 25 partielle
845 3865 30 19 du
886 3863 86 21 comité.

647 3892 26 18 .A
688 3890 22 20 la
724 3889 133 25 présidence.
871 3889 31 18 M.
916 3888 75 19 Victor
1005 3886 57 20 Boln
1076 3891 14 15 a
1104 3885 35 21 été

629 3914 61 21 réélu
705 3914 14 20 à
734 3918 43 15 une
793 3913 46 20 très
852 3912 58 19 forte
925 3910 110 23 majorité.

641 3931 61 27 Tont
724 3937 35 20 été
781 3935 100 21 nommés
902 3935 87 20 ensuite
1010 3933 129 24 vice-présl-

629 3954 62 30 dint.
701 3962 30 19 M.
743 3960 70 20 Emile
825 3959 95 24 Kneipe;
935 3958 109 21 trésorier.
1056 3959 30 18 M.
1099 3958 41 19 Ju-

677 3985 94 22 Vlerick;
787 3983 84 20 sécréta
873 3983 31 19 Ire
906 3983 39 19 -ad
947 3982 64 24 Joint.
1024 3983 31 19 M.
1069 3983 71 18 Geor-

690 4010 33 19 De
745 4008 90 21 Rudder
838 4013 6 18 ;
868 4007 115 22 membres,
1004 4007 55 19 MM.
1081 4006 48 19 Lon-

663 4038 27 18 gs
701 4034 24 19 ct
735 4032 97 21 Plateus.

702 4055 120 24 Francqué,
839 4054 113 25 président
967 4053 126 22 fondateur,
1111 4057 28 15 au

700 4080 28 20 de
746 4078 142 22 l'assemblée,
906 4078 85 20 félicita
1008 4076 131 22 chnleureu-

651 4098 66 27 'ment
733 4105 31 19 M.
780 4103 76 20 Victor
872 4102 57 20 Boin
946 4101 44 25 qui,
1007 4101 79 23 depuis
1101 4101 38 20 dix

666 4133 11 18 j,
692 4131 81 20 occupe
787 4127 21 20 le
823 4126 94 21 fauteuil
932 4126 28 19 de
974 4126 24 19 la
1011 4125 128 24 présidence

669 4157 14 15 a
697 4151 71 24 dirigé
783 4155 52 16 avec
851 4150 71 24 grand
936 4149 76 22 succès
1027 4148 112 20 l'associa-

645 4180 39 16 ,on.

653 4200 31 22 M.
697 4199 56 20 Boin
768 4203 13 15 a
793 4197 105 21 remercié
911 4202 35 15 ses
959 4195 112 22 confrères
1084 4199 56 22 pour

637 4240 13 2 _
666 4223 117 20 confiance
798 4223 38 23 qui
852 4222 32 20 lul
900 4222 41 19 ont
954 4219 124 25 témoignée
1094 4224 44 16 une

637 4247 35 20 dis
686 4247 27 20 de
728 4246 49 24 plus
790 4247 24 19 et
827 4247 16 19 il
858 4251 15 15 a
886 4245 83 21 félicité
981 4250 36 16 ses
1030 4243 109 25 collègues

637 4270 21 22 lu
672 4269 87 21 comité.

640 4307 4 5 ■
653 4295 50 19 Une
723 4293 169 21 manifestation
912 4297 30 16 en
962 4292 118 20 l'honneur
1100 4292 39 20 des

623 4321 42 22 dpx
681 4322 42 16 ans
736 4318 28 19 de
777 4317 128 25 présidence
918 4317 25 20 et
956 4317 40 19 des
1009 4315 73 21 trente
1097 4320 42 15 ans

630 4335 25 27 ~!e
669 4341 143 24 journalisme
824 4341 28 20 de
866 4341 75 20 Victor
954 4340 57 20 Boin
1024 4344 56 16 aura
1094 4339 44 20 Ueu

644 4370 14 16 u
671 4370 65 16 cours
749 4366 27 20 de
790 4364 87 21 l'année
891 4363 127 26 prochaine.
1031 4374 27 5 —
1071 4364 25 20 T.
1111 4365 27 19 G.

639 4423 89 36 /CHEZ
751 4427 56 27 LES
835 4425 282 28 LIBRES-PENSEURS

768 4471 37 26 DE
828 4469 170 28 GRAMMONT

653 4531 30 20 Le
697 4531 75 20 Cercle
786 4531 27 20 de
829 4531 22 19 la
865 4531 63 20 Libre
943 4528 82 22 Pensée
1039 4529 27 20 de
1078 4529 59 20 cette

643 4555 29 20 ité
686 4556 38 20 des
737 4555 113 21 Flandres,
864 4555 36 29 qui
913 4555 56 20 lutte
983 4552 154 23 avecvaillan-

627 4576 28 27 [ce
664 4579 23 19 et
697 4583 46 15 non
753 4583 54 15 sans
817 4583 75 15 succès
902 4589 27 4 —
939 4577 92 25 puisque
1041 4577 20 20 le
1073 4580 64 16 nom-

642 4606 26 15 ire
687 4602 26 20 de
730 4607 36 15 ses
797 4602 120 20 adhérents
947 4602 119 23 augmente
1084 4603 53 22 $ans

654 4630 35 15 sse
703 4635 26 5 —
740 4630 56 19 pour
808 4627 22 19 la
844 4631 65 15 cause
924 4626 30 20 du
969 4626 55 19 libre
1037 4628 99 17 examen,

657 4649 107 22 organisé,
777 4649 125 23 dimanche,
915 4654 43 15 une
986 4648 94 21 réunion
1095 4651 30 21 pu-

632 4671 71 24 blique
722 4673 200 23 particulièrement
939 4674 52 19 bien
1008 4672 77 20 suivie.

658 4696 28 18 M.
719 4697 52 18 Paul
803 4697 82 21 Braun,
915 4698 47 19 -vice
964 4696 124 24 -président
1106 4695 30 20 du

631 4719 82 19 conseil
726 4719 88 24 général
825 4720 27 20 de
865 4722 23 19 la
900 4721 63 20 Libre
976 4720 82 21 Pensée
1069 4719 68 23 belge,

632 4742 100 24 occupait
746 4743 22 19 la
780 4744 93 19 tribune.

658 4766 19 19 Il
692 4767 59 19 avait
766 4767 69 19 choisi
850 4772 83 16 comme
947 4768 61 24 sujet
1027 4770 18 19 le
1053 4768 31 19 La
1100 4767 24 19 Li-

633 4790 38 19 bre
689 4789 81 21 Pensée
785 4790 76 20 contre
879 4791 22 19 la
919 4791 98 20 réaction
1037 4791 99 20 cléricale

632 4813 24 19 et
667 4813 20 19 le
698 4814 170 20 charlatanisme
881 4815 133 20 miraculeux
1024 4816 27 19 de
1063 4814 73 25 l'EgU-

646 4842 10 13 e
670 4844 17 14 ».
700 4837 19 19 U
731 4837 28 19 l'a
769 4837 116 24 développé
898 4839 98 23 pendant
1009 4840 50 23 plus
1072 4840 65 19 d'une

646 4865 54 15 eure
717 4865 52 16 avec
785 4866 26 14 sa
828 4862 79 22 fougue
935 4863 142 22 coutumière,
1095 4867 41 19 ap-

645 4885 78 19 ortant
736 4884 15 20 à
762 4884 82 24 l'appui
858 4885 27 20 de
896 4890 25 16 sa
936 4886 61 20 thèse
1012 4892 43 15 une
1067 4886 69 20 docu-

652 4908 104 20 entatlon
774 4909 196 22 Impressionnante
999 4911 74 23 puisée
1092 4914 44 16 aux

652 4932 103 20 leilleures
767 4936 94 16 sources.
875 4933 31 19 La
918 4933 126 23 péroraison
1057 4935 27 19 de
1095 4939 42 15 son

648 4956 81 19 Iscours
741 4956 36 23 qui
788 4956 111 19 constitua
910 4961 31 15 un
952 4958 87 20 vibrant
1051 4958 64 24 appel
1122 4958 14 19 à

648 4980 68 19 union
729 4978 78 21 étroite
822 4980 63 20 entre
902 4981 50 19 tous
975 4981 33 20 les
1024 4980 112 21 anticlérl-

656 5007 33 16 .ux
702 5007 30 17 en
748 5004 48 19 face
822 5003 28 20 de
878 5004 73 19 toutes
962 5004 33 20 les
1009 5006 127 22 puissances

632 5026 138 31 desservisse
772 5028 68 22 ment,
869 5027 36 20 fut
933 5027 203 22 chaleureusement

631 5051 117 22 acclamée.

655 5075 70 23 Après
735 5076 33 19 les
773 5075 177 21 remerciements
960 5077 88 23 d'usage
1061 5078 63 19 adres-

631 5099 35 21 sés
676 5104 20 17 v
711 5099 103 20 l'orateur
829 5103 41 20 par
885 5100 30 19 M.
930 5101 33 18 De
978 5100 122 25 Vlaminck,
1115 5102 21 19 le

632 5122 82 22 dévoué
726 5122 117 21 secrétaire
855 5124 32 19 du
898 5123 82 22 Cercle,
992 5124 88 21 celui-ci
1093 5130 31 16 an-

633 5150 72 19 nonça
727 5147 79 24 qu'une
829 5147 146 24 protestation
998 5148 74 23 signée
1095 5153 42 20 par

632 5168 22 20 la
671 5171 90 23 plupart
778 5171 38 19 des
834 5171 123 21 assistants,
974 5175 51 17 sera
1041 5172 95 20 envovée

632 5191 14 20 k
651 5192 171 21 l'ambassadeur
831 5193 155 24 d'Allemagne,
991 5195 15 20 à
1018 5195 119 25 Bruxelles,

633 5220 28 15 au
673 5219 61 22 sujet
746 5218 30 20 du
788 5218 76 24 procès
878 5219 27 19 de
918 5218 93 24 Leipzig.

657 5240 20 20 H
696 5245 57 15 nous
772 5241 84 20 revient
875 5247 41 19 que
936 5243 57 19 dans
1014 5247 43 16 une
1078 5244 57 20 école

633 5263 137 20 communale
782 5268 55 19 pour
848 5269 97 19 garçons,
957 5266 27 20 de
997 5267 138 23 Grammont,

634 5285 38 21 des
683 5287 71 20 élèves
766 5288 111 23 dispensés
888 5290 31 19 du
932 5294 63 16 cours
1005 5290 28 20 de
1044 5291 92 23 religion

635 5311 82 19 restent
734 5310 130 21 néanmoins
882 5313 55 19 dans
954 5315 23 19 la
994 5313 69 21 classe
1080 5319 43 19 pen-

635 5332 55 21 dant
701 5337 26 16 ce
740 5338 69 19 cours,
821 5337 23 18 et
856 5335 47 21 cela
916 5341 28 15 en
957 5336 105 21 violation
1073 5341 28 20 de
1113 5339 22 20 la

639 5355 35 22 loi.

1177 3615 181 36 VIOLETTE
1380 3607 156 44 NOZIÈRE
1559 3615 170 37 PASSERA
1751 3616 159 36 BIENTOT
1931 3616 81 36 AUX
2033 3617 149 36 ASSISES

2239 1251 59 19 C'est
2313 1250 57 20 dans
2384 1250 20 20 le
2420 1251 71 23 grand
2520 1250 68 25 préau
2604 1250 27 20 de
2647 1249 73 20 l'école

2215 1274 137 20 communale
2368 1275 27 19 de
2412 1274 22 19 la
2446 1279 39 15 rue
2502 1275 110 22 Jôsaphat
2627 1275 51 22 qu'a
2693 1278 29 15 eu

2215 1299 49 21 lieu,
2275 1298 118 20 dimanche
2408 1298 136 23 après-midi,
2559 1300 21 19 la
2594 1298 45 20 fête
2655 1299 54 18 anni-

2215 1323 94 19 versaire
2324 1323 30 18 du
2369 1322 95 24 premier
2478 1323 121 23 patronage
2615 1322 44 20 laïc
2673 1321 48 20 créé

2214 1347 57 19 dans
2283 1345 187 24 l'agglomération
2484 1345 135 21 bruxelloise.

2239 1370 96 19 Enfants
2345 1371 23 18 et
2379 1370 91 23 parents
2481 1369 85 20 étaient
2577 1373 68 15 venus
2657 1373 51 15 nom-

2214 1394 74 24 breux.

2241 1418 89 19 Etaient
2344 1417 106 24 présents,
2463 1422 30 15 en
2504 1417 63 20 outre
2582 1421 6 15 :
2604 1418 30 18 M.
2648 1416 20 20 le
2683 1416 26 20 dé-

2215 1441 52 24 puté
2286 1441 116 23 Raymond
2410 1441 100 20 Foucart,
2526 1442 30 18 M.
2572 1441 32 19 les
2618 1441 105 19 échevins

2215 1465 65 20 Blum
2307 1466 25 18 et
2360 1465 105 22 Soupart;
2499 1465 60 19 Mme
2579 1465 80 22 Ensch,
2691 1464 31 19 M.

2214 1489 100 21 Tasnier.
2344 1482 114 26 consîllers
2489 1492 147 15 communaux
2640 1493 5 17 ;
2692 1489 30 19 M.

2214 1513 106 21 Smelten,
2334 1512 112 24 président
2460 1512 27 20 de
2502 1512 23 19 la
2539 1512 67 22 Ligue
2620 1512 28 19 de
2662 1511 48 20 l'En-

2214 1538 145 22 seignement;
2374 1537 31 19 M.
2419 1536 62 20 Jules
2493 1536 121 22 Duwaerts,
2628 1535 81 20 conseil-

2216 1561 32 19 ler
2268 1560 127 24 suppléant;
2420 1561 55 18 MM.
2493 1560 110 19 Brichart.
2625 1559 98 23 Stoffyn,

2214 1584 102 22 Baillien,
2326 1585 105 20 Rutteau,
2457 1583 76 23 Ghiny
2559 1584 24 19 et
2595 1583 128 21 Duseausoi,

2215 1608 108 22 d'Ixelles;
2339 1608 56 21 MM.
2409 1607 98 21 Hermès.
2531 1607 68 19 Baxis
2624 1608 22 18 et
2674 1606 49 20 Van

2215 1632 158 23 Compernolle,
2383 1631 28 20 de
2422 1631 117 21 St-Gilles;
2552 1631 76 19 Mlless
2637 1630 86 20 Moulc-

2215 1656 51 19 kers
2276 1657 24 18 et
2313 1656 129 22 Vloebergh,
2453 1655 27 19 de
2494 1655 100 20 St-Josse
2610 1656 46 18 (ces
2669 1654 54 19 trois

2216 1684 128 15 communes
2358 1680 41 19 ont
2415 1678 123 23 également
2555 1682 30 16 un
2602 1678 121 23 patronage

2217 1704 64 21 laïc);
2299 1704 55 20 MM.
2373 1704 33 18 les
2424 1703 121 19 directeurs
2564 1701 82 22 Allard.
2666 1702 46 19 Her-

2215 1732 53 14 man
2274 1727 123 21 Bossaerts;
2407 1727 54 19 MM.
2468 1727 49 18 Van
2524 1725 157 23 Rysselberghe
2700 1726 25 19 et

2216 1752 49 18 Van
2278 1750 164 22 Grunderbeek,
2458 1750 38 19 des
2511 1757 7 9 ■
2528 1749 101 20 Colonies
2645 1749 66 20 molai-

2216 1780 35 14 res
2266 1779 5 18 ;
2289 1775 55 19 MM.
2350 1773 61 20 René
2426 1775 78 21 Ponty,
2511 1773 73 20 Hellin
2599 1774 22 19 et
2628 1773 95 19 Kockel-

2216 1803 79 18 meyer,
2308 1798 40 20 des
2363 1805 7 10 ■
2379 1798 96 19 Anciens
2488 1798 28 19 de
2527 1796 114 21 l'Athénée
2657 1805 8 9 »
2671 1801 6 18 ;
2693 1796 31 19 M.

2216 1823 101 22 Quintin.
2333 1822 28 19 de
2378 1822 23 19 la
2418 1821 132 20 Fédération
2568 1821 156 22 brabançonne

2217 1847 39 19 des
2269 1845 92 20 sociétés
2376 1845 161 23 postscolaires;
2557 1845 31 19 M.
2606 1845 119 20 Schcrrier,

2216 1870 26 19 de
2258 1869 21 21 la
2294 1869 132 20 Fédération
2441 1868 138 22 bruxelloise;
2609 1869 32 19 les
2654 1873 57 15 mem-

2216 1894 50 19 bres
2278 1893 30 20 du
2315 1893 82 20 conseil
2407 1893 202 19 d'administration
2622 1892 30 20 du
2659 1895 53 20 grou-

2217 1918 90 23 pement
2324 1917 48 23 post
2375 1916 111 20 -scolaire:
2506 1917 30 18 M.
2552 1917 69 18 Oscar
2635 1916 90 20 Biltiau,

2217 1941 120 24 président;
2355 1941 30 19 M.
2401 1940 98 19 Maurice
2515 1940 96 21 Fraikin.
2627 1940 98 19 diecteur

2217 1966 30 18 du
2261 1966 124 22 Patronage
2402 1964 53 23 laïc;
2472 1964 54 19 MM.
2543 1964 73 19 Pierre
2634 1965 91 18 Carton,

2217 1988 103 20 trésorier
2334 1988 98 23 général;
2450 1987 76 20 Albert
2541 1987 85 21 Lenoir,
2642 1987 83 20 Marcel

2217 2012 149 21 Vermeersch,
2379 2013 32 19 De
2426 2012 75 20 Block,
2516 2011 70 20 Raiff.
2601 2012 124 21 Duquesne,

2217 2037 97 19 d'autres
2331 2040 78 15 encore
2426 2036 25 19 et
2468 2035 140 19 notamment
2625 2035 30 19 M.
2673 2035 39 19 Vic-

2220 2061 37 18 tor
2279 2061 34 18 De
2335 2059 82 20 Boeck.
2440 2059 97 23 premier
2556 2059 112 19 directeur
2691 2058 30 19 du

2217 2084 130 23 patronage;
2362 2084 61 18 Mme
2435 2084 33 18 De
2480 2082 79 22 Boeck,
2571 2082 42 20 etc.

2242 2108 31 18 La
2287 2107 68 24 petite
2369 2107 52 21 fête,
2434 2107 51 19 bien
2498 2107 53 18 mise
2565 2110 29 17 au
2608 2105 62 24 point
2684 2109 41 21 par

2217 2132 59 18 Mme
2286 2131 96 20 Tillière,
2393 2131 54 18 MM.
2458 2131 75 19 Albert
2543 2131 108 22 Coppens,
2660 2131 64 18 Mcu-

2218 2155 50 23 rice,
2281 2155 48 20 etc..
2343 2158 52 15 avec
2409 2154 39 19 des
2461 2153 134 20 intermèdes
2607 2153 119 21 excellents

2217 2183 42 19 par
2271 2178 21 20 le
2306 2179 96 22 quatuor
2415 2178 105 19 Mordant
2535 2178 36 19 fut
2586 2178 45 19 fort
2645 2177 67 24 appré-

2218 2201 52 20 ciée.

2243 2226 30 19 M.
2284 2226 71 19 Oscar
2365 2225 83 20 Biltiau
2460 2229 112 19 prononça
2584 2229 32 15 un
2627 2225 98 19 discours

2218 2250 57 19 dans
2287 2249 70 24 lequel
2372 2249 16 19 il
2401 2249 90 23 rappela
2507 2249 104 23 l'origine,
2626 2249 23 19 la
2664 2249 50 19 nais-

2217 2278 67 15 sance
2294 2274 25 19 et
2331 2273 21 19 le
2366 2272 180 24 développement
2560 2273 30 19 du
2601 2274 124 21 Patronage

2219 2298 43 19 laïc
2274 2299 23 18 et
2310 2297 74 19 rendit
2398 2301 32 15 un
2444 2298 58 22 juste
2516 2297 117 22 hommage
2648 2296 14 19 à
2676 2297 50 18 tous

2219 2325 54 15 ceux
2286 2321 37 23 qui
2335 2320 160 20 collaborèrent
2509 2321 13 19 à
2535 2324 41 16 son
2589 2320 75 20 succès
2674 2321 24 19 et
2712 2320 14 19 à

2218 2349 25 15 sa
2256 2344 127 23 prospérité.
2396 2345 31 18 La
2440 2344 101 20 médaille
2556 2345 27 19 de
2598 2344 115 20 reconnais-

2218 2373 66 16 sance
2300 2369 36 19 fut
2347 2368 79 19 remise
2441 2367 14 20 à
2468 2368 55 19 trots
2537 2367 145 21 bienfaiteurs
2696 2368 30 19 du

2220 2393 144 22 groupement
2373 2396 5 14 :
2407 2392 55 18 MM.
2489 2392 83 19 Marcel
2585 2392 103 23 Antoine,
2703 2392 22 19 L.

2219 2416 101 22 Mestdag
2331 2417 23 18 et
2365 2415 60 20 Léon
2436 2417 32 18 De
2481 2415 75 20 Greef.

2244 2441 31 20 M.
2289 2439 98 20 Maurice
2400 2439 90 19 Fraikin
2506 2440 29 19 fit
2550 2444 30 14 un
2594 2439 132 20 substantiel

2220 2464 22 19 et
2256 2464 47 19 bref
2321 2465 91 21 rapport
2428 2467 39 15 sur
2482 2463 104 20 l'activité
2603 2463 30 20 du
2650 2464 66 23 patro-

2219 2491 64 19 nage.

2245 2512 41 18 Les
2304 2510 122 24 dirigeants
2456 2510 30 20 du
2503 2512 143 21 groupement
2665 2511 49 24 post-

2219 2535 93 19 scolaire
2330 2536 23 19 et
2370 2535 20 20 le
2408 2535 116 23 personnel
2557 2535 30 19 du
2606 2535 120 23 patronage

2221 2559 43 19 laïc
2286 2558 63 20 (dont
2365 2563 56 15 nous
2458 2563 68 15 avons
2545 2559 42 19 cité
2607 2559 32 18 les
2656 2562 71 16 noms,

2218 2583 67 21 hier),
2299 2583 76 18 furent
2388 2582 205 19 chaleureusement
2605 2581 94 21 félicités
2705 2586 21 15 et

2219 2606 116 19 remerciés
2344 2610 41 19 par
2395 2607 30 18 M.
2436 2606 106 19 l'échevin
2553 2606 72 21 Blum,
2635 2610 31 15 au
2674 2610 52 15 nom

2221 2630 26 19 de
2261 2630 194 19 l'administration
2471 2629 145 19 communale.

2245 2654 70 23 Après
2324 2654 56 23 quoi.
2392 2653 15 19 Il
2418 2658 13 19 y
2441 2655 38 18 eut
2490 2657 44 15 une
2543 2653 72 23 ample
2626 2653 23 20 et
2660 2653 54 24 géné-

2221 2682 62 16 reuse
2303 2677 141 20 distribution
2463 2677 27 20 de
2507 2677 118 19 friandises
2644 2677 14 20 à
2677 2678 50 19 tous

2221 2701 31 19 les
2265 2701 97 20 enfants.
2375 2710 26 5 —
2413 2702 27 18 G.

2221 2763 36 25 LE
2287 2762 196 27 PROFESSEUR
2514 2763 76 26 PAUL
2619 2762 109 27 RICHER

2394 2812 55 27 EST
2476 2812 82 26 MORT

2313 2879 41 21 (De
2368 2879 64 19 notre
2446 2879 187 22 correspondant.)

2246 2908 68 23 Paris,
2334 2908 22 19 17
2373 2907 121 21 décembre.
2513 2918 25 4 —
2560 2908 53 19 (Par
2628 2907 88 24 télépho-

2220 2935 48 16 ne).
2279 2941 27 5 —
2314 2932 30 19 Le
2358 2932 124 24 professeur
2494 2932 55 19 Paul
2563 2932 87 20 Richer.
2656 2936 59 15 mem-

2221 2956 37 20 bre
2267 2956 28 20 de
2306 2956 108 19 l'Institut
2424 2957 23 19 et
2459 2956 27 19 de
2498 2955 130 20 l'Académie
2641 2956 26 19 de
2680 2955 35 20 mé-

2221 2980 83 21 decine,
2319 2981 34 18 est
2371 2981 57 18 mort
2444 2979 13 20 à
2476 2980 63 19 Paris
2556 2979 125 23 dimanche,
2698 2984 29 15 en

2219 3008 42 15 son
2275 3003 108 22 domicile,
2399 3008 39 15 rue
2453 3004 133 22 Guynemer.

2245 3027 33 20 Né
2288 3027 14 20 â
2315 3028 90 19 Cartres
2417 3032 30 14 en
2462 3028 53 20 1849.
2528 3028 56 19 Paul
2597 3027 81 20 Richer
2692 3027 35 19 fut

2221 3050 58 20 élève
2296 3052 26 20 de
2336 3052 97 19 Charcot
2447 3053 24 17 et
2487 3051 51 19 chef
2554 3052 27 19 de
2596 3051 131 19 laboratoire

2221 3075 26 20 de
2264 3075 22 19 la
2299 3075 94 23 clinique
2409 3075 40 19 des
2464 3074 107 21 maladies
2587 3075 30 20 du
2632 3074 95 23 système

2221 3103 101 15 nerveux.

2246 3123 127 19 Professeur
2391 3122 133 20 d'anatomic
2550 3122 14 20 k
2587 3122 73 20 l'école
2689 3123 39 19 dos

2220 3147 145 21 Beaux-Arts,
2378 3147 17 19 il
2405 3146 127 20 s'adonnait
2546 3146 14 19 à
2573 3146 22 20 la
2609 3146 119 23 sculpture,

2221 3170 27 19 où
2263 3170 16 19 il
2294 3170 73 20 devait
2379 3170 104 23 parvenir
2497 3170 14 20 à
2526 3170 23 19 la
2564 3170 83 23 grande
2663 3171 53 18 noto-

2220 3193 61 21 riété,
2295 3194 56 19 ainsi
2365 3194 49 24 qu'à
2429 3194 22 19 la
2466 3198 99 19 gravure.

2246 3218 28 19 Le
2285 3217 79 20 défunt
2377 3217 56 20 était
2445 3217 112 24 président
2569 3217 27 20 de
2607 3217 22 20 la
2643 3217 85 20 Société

2221 3242 26 19 de
2260 3242 109 19 l'Histoire
2383 3242 26 20 de
2424 3242 21 19 la
2458 3241 120 21 Médecine,
2590 3241 96 19 membre
2700 3241 27 20 de

2221 3266 21 19 la
2258 3265 85 20 Société
2357 3266 26 19 de
2400 3265 103 23 Biologie,
2520 3265 79 20 ancien
2616 3264 111 25 président

2221 3290 26 19 de
2261 3290 23 19 la
2298 3289 85 20 Société
2398 3290 26 19 de
2437 3289 135 23 Neurologie,
2587 3289 96 20 membre
2698 3289 30 20 du

2220 3313 82 20 conseil
2319 3312 113 24 supérieur
2447 3313 27 20 de
2493 3313 180 23 l'enseignement
2689 3313 39 19 des

2221 3337 136 21 beaux-arts,
2374 3337 125 23 inspecteur
2515 3336 89 24 général
2622 3337 27 20 de
2666 3336 49 20 l'ins-

2221 3361 96 19 truction
2330 3360 109 24 publique.

2306 3423 77 27 POUR
2409 3419 95 31 FÊTER
2530 3425 30 25 M.
2587 3424 59 26 MAX

2245 3473 223 27 BOURGMESTRE
2486 3474 109 26 DEPUIS
2611 3475 30 24 25
2657 3474 57 27 ANS

1323 5045 140 21 VIOLETTE
1476 5044 124 20 NOZIERE
1615 5045 35 20 ET
1665 5045 59 21 SON
1737 5047 114 19 AVOCAT
1863 5046 34 20 M*
1913 5045 123 23 GERAUD,

1196 5072 87 20 sortant
1299 5071 30 20 dn
1342 5070 88 20 cabinet
1445 5069 29 19 du
1487 5069 51 22 juge
1554 5069 158 20 d'instruction
1728 5070 65 23 après
1807 5072 21 18 le
1847 5079 9 11 i
1885 5070 46 18 -lier
1949 5069 166 23 interrogatoire
2133 5071 28 19 de

1588 5093 22 19 la
1623 5098 51 18 pair
1684 5094 62 19 icide.

1251 5142 42 22 (De
1305 5140 64 20 notre
1384 5138 186 24 correspondant.!

1181 5172 70 21 Paris.
1270 5172 23 18 17
1308 5170 121 20 décembre.
1446 5178 27 5 —
1493 5169 53 18 (Par
1564 5168 87 24 télépho-

1158 5199 47 18 ne).
1215 5206 27 5 —
1251 5194 156 21 L'instruction
1418 5193 27 20 de
1456 5193 95 20 l'affaire
1562 5192 101 20 Nozières

1157 5223 34 17 est
1204 5219 161 20 virtuellement
1376 5217 65 20 close.

1181 5245 31 18 Le
1223 5245 51 24 juge
1286 5242 38 19 n'a
1335 5242 49 23 plus
1394 5241 49 23 qu'à
1454 5239 107 22 entendre
1573 5245 56 22 pour
1639 5241 23 20 la

1158 5264 99 22 dernière
1280 5265 43 20 fois
1345 5265 60 19 Mme
1424 5263 106 22 Nozières,
1554 5267 58 16 mère
1634 5264 28 19 de

1157 5290 110 22 l'accusée,
1281 5288 71 26 partie
1365 5288 69 24 civile,
1447 5289 50 23 puis
1509 5287 16 19 il
1540 5288 110 19 communi-

1157 5319 68 19 quera
1235 5318 42 16 son
1289 5313 84 21 dossier
1385 5317 29 15 au
1426 5311 99 24 parquet.

1181 5339 37 18 Un
1235 5337 107 21 substitut
1360 5340 29 15 va
1407 5336 70 23 régler
1494 5339 26 16 oe
1538 5335 83 20 dossier
1638 5336 23 19 et

1157 5362 84 24 rédiger
1257 5362 22 19 le
1295 5359 136 25 réquisitoire
1448 5359 106 22 définitif.
1570 5360 53 21 Puis
1638 5359 23 20 la

1684 5139 104 21 chambre
1804 5140 40 20 des
1860 5140 66 20 mises
1942 5144 29 15 en
1988 5139 127 20 accusation
2132 5143 55 16 aura

1684 5163 14 19 à
1708 5164 111 23 s'occuper
1830 5165 28 19 de
1870 5165 22 19 la
1904 5163 101 24 question
2017 5164 31 20 du
2060 5164 75 20 renvoi
2147 5164 28 20 de-

1685 5191 53 16 vant
1750 5188 32 19 les
1793 5189 86 21 assises.

1709 5217 58 19 Mais
1790 5217 69 23 quelle
1866 5220 41 20 que
1912 5215 44 20 soit
1962 5215 22 19 la
1991 5215 105 23 diligence
2103 5216 62 23 faite,
2170 5216 16 20 il

1684 5244 33 17 est
1733 5242 91 20 difficile
1840 5246 41 19 que
1897 5240 96 20 l'affaire
2008 5241 73 23 puisse
2095 5242 63 19 venir
2173 5240 15 20 à

1685 5265 20 19 la
1717 5265 34 19 fin
1762 5266 31 19 du
1805 5267 54 18 mois
1871 5263 107 26 prochain
1990 5264 81 20 devant
2083 5265 33 20 les
2127 5264 60 25 jurés

1683 5288 27 20 de
1722 5289 23 19 la
1756 5289 71 21 Seine,
1838 5293 84 15 comme
1932 5292 30 15 on
1973 5287 77 21 l'avait
2059 5288 68 23 pensé
2139 5290 49 19 tout

1683 5312 95 21 d'abord.
1792 5312 20 20 H
1824 5313 36 18 est
1872 5311 50 25 plus
1936 5316 41 19 que
1992 5310 103 25 probable
2108 5317 42 19 que
2164 5313 23 19 la

1683 5336 107 23 parricide
1803 5335 149 24 comparaîtra
1966 5336 83 20 devant
2061 5335 34 20 les
2108 5336 79 20 assises

1683 5359 99 24 pendant
1792 5359 24 20 la
1827 5360 94 20 seconde
1932 5359 116 24 quinzaine
2060 5360 29 20 de
2100 5360 86 20 février.

2244 3539 102 20 Pendant
2361 3544 41 19 que
2415 3541 30 18 M.
2461 3539 99 24 Adolphe
2575 3540 54 19 Max
2656 3539 58 24 prési-

2220 3564 48 19 dait
2278 3568 43 15 une
2333 3562 122 21 cérémonie
2465 3563 92 20 scolaire
2570 3568 28 15 au
2610 3563 72 20 Palais
2689 3564 39 19 des

2219 3588 145 21 Beaux-Arts,
2393 3587 31 19 les
2440 3587 101 23 délégués
2568 3587 40 20 des
2634 3587 93 20 sociétés

2221 3611 140 20 bruxelloises
2376 3615 24 15 se
2416 3610 147 20 réunissaient
2575 3611 15 19 à
2603 3611 123 19 l'initiative

2219 3636 29 18 du
2263 3635 81 19 conseil
2359 3635 201 19 d'administration
2575 3636 26 19 de
2616 3636 23 19 la
2651 3636 63 18 Gran-

2219 3659 28 20 de
2263 3659 127 21 Harmonie,
2419 3663 55 19 pour
2503 3658 85 20 étudier
2616 3659 31 19 les
2664 3658 63 20 bases

2220 3683 65 19 d'une
2311 3682 169 20 manifestation
2507 3682 26 20 de
2558 3682 125 23 sympathie
2698 3687 29 15 en

2218 3707 116 19 l'honneur
2349 3706 29 20 du
2392 3706 148 23 bourgmestre
2555 3706 27 21 de
2595 3706 23 19 la
2629 3706 95 23 capitale

2219 3731 37 23 qui
2266 3734 81 19 occupe
2361 3730 19 21 le
2393 3729 58 24 siège
2465 3730 98 23 mayoral
2577 3734 30 16 un
2620 3730 105 24 quart.de

2219 3753 71 20 siècle.

2244 3778 30 19 M.
2286 3778 84 22 Meyns,
2381 3777 170 24 vice-président
2562 3777 27 20 de
2601 3778 22 19 la
2635 3778 90 19 Grande

2219 3802 126 21 Harmonie,
2362 3801 91 20 entouré
2485 3801 27 20 de
2528 3805 37 16 ses
2581 3800 144 20 collaboteurs

2218 3825 29 20 du
2260 3825 87 23 conseil,
2361 3824 88 24 présida
2474 3826 58 18 cette
2547 3824 92 20 réunion
2650 3825 62 19 extrê-

2219 3850 98 18 mement
2334 3849 130 19 nombreuse
2502 3849 22 19 et
2542 3848 71 20 même
2633 3848 90 24 quelque

2220 3877 64 19 peu...
2303 3872 91 20 énervée
2410 3872 14 20 à
2439 3872 96 20 certains
2551 3874 115 23 moments.
2695 3873 29 19 Le

2219 3896 58 20 désir
2293 3897 26 19 de
2336 3896 120 20 collaborer
2472 3896 141 20 étroitement
2630 3901 29 16 au
2673 3900 38 15 suc-

2219 3920 35 20 cès
2268 3920 26 19 de
2307 3920 23 19 la
2343 3920 167 19 manifestation
2522 3919 96 24 projetée
2631 3920 28 19 fit
2674 3920 37 19 nai-

2218 3945 32 18 tre
2263 3948 43 15 une
2318 3944 51 20 telle
2381 3943 127 22 émulation,
2520 3944 50 23 qu'il
2584 3942 66 21 fallut
2662 3943 60 20 toute

2218 3967 21 20 la
2254 3967 127 24 diplomatie
2394 3968 31 19 du
2439 3968 83 19 bureau
2533 3971 55 19 pour
2603 3967 79 20 mettre
2696 3967 27 19 de

2218 3991 77 20 l'ordre
2311 3991 56 20 dans
2393 3995 25 15 ce
2432 3990 156 21 débordement
2601 3991 26 19 de
2640 3991 84 19 bonnes

2219 4014 104 20 volontés.

2241 4038 82 22 Quand
2338 4039 16 19 il
2369 4038 64 23 s'agit
2449 4038 26 20 de
2491 4038 100 23 désigner
2607 4038 32 19 les
2652 4042 58 15 mem-

2218 4062 49 19 bres
2284 4063 30 19 du
2330 4062 79 20 comité
2426 4062 123 24 provisoire,
2562 4062 16 19 il
2592 4066 15 19 y
2622 4062 39 19 eut
2679 4065 42 16 une

2217 4086 111 19 affluence
2342 4086 27 20 de
2383 4085 163 23 candidatures;
2562 4090 30 15 on
2605 4086 28 19 fit
2647 4086 75 19 assaut

2218 4110 26 20 de
2261 4110 71 22 titres;
2351 4110 14 19 à
2383 4114 29 15 un
2428 4110 89 19 orateur
2533 4110 37 23 qui
2586 4108 82 24 parlait
2685 4109 38 20 des

2217 4133 51 19 cent
2279 4133 82 19 années
2371 4133 130 20 d'existence
2513 4133 26 20 dc
2551 4133 22 19 la
2582 4133 128 19 Philharmo-

2217 4157 64 22 nique
2289 4157 26 19 de
2322 4157 94 21 Laeken,
2422 4161 31 15 un
2460 4157 62 19 autre
2537 4157 89 19 orateur
2641 4160 81 19 opposa

2218 4194 22 5 ...
2254 4180 32 19 les
2298 4181 37 19 350
2349 4185 40 15 ans
2402 4181 27 19 de
2442 4180 33 20 vie
2489 4180 30 20 du
2530 4180 191 20 Grand-Serment

2217 4204 27 20 de
2260 4204 174 23 Saint-Georges
2444 4205 5 18 1

2241 4227 145 23 Finalement,
2401 4228 48 19 tout
2465 4227 47 20 cela
2526 4228 77 19 rentra
2617 4227 58 20 dans
2702 4227 19 19 le

2216 4251 70 19 calme
2297 4252 23 18 et
2331 4251 134 20 l'assemblée
2478 4256 24 15 se
2516 4251 41 19 mit
2569 4251 101 20 d'accord
2683 4255 39 15 sur

2216 4275 103 23 quelques
2332 4275 108 20 décisions
2454 4275 46 19 fort
2513 4278 70 20 sages,
2597 4275 54 19 dont
2666 4275 55 20 voici

2216 4298 20 19 le
2249 4298 86 20 résumé
2345 4303 5 14 :

2241 4322 32 20 La
2290 4322 168 20 manifestation
2476 4326 54 16 aura
2548 4321 43 20 lieu
2609 4326 49 15 vers
2676 4322 44 19 mal

2217 4350 28 15 ou
2257 4346 50 22 juin
2326 4346 55 20 1934.
2408 4346 20 19 Il
2453 4350 50 15 sera
2540 4346 42 19 fait
2594 4345 79 21 remise
2692 4350 28 15 au

2216 4369 148 23 bourgmestre
2406 4370 26 19 de
2447 4374 41 15 son
2517 4369 69 22 buste,
2601 4374 74 15 œuvre
2690 4370 30 19 du

2215 4393 112 23 sculpteur
2338 4393 33 20 De
2383 4393 152 22 Bremaecker;
2552 4393 19 19 le
2586 4392 93 23 reliquat
2693 4393 27 20 de

2216 4417 22 19 la
2249 4417 147 23 souscription
2407 4418 88 18 ouverte
2507 4417 56 19 dans
2574 4422 24 14 ce
2610 4417 40 19 but
2661 4417 34 19 ira
2707 4416 14 20 à

2215 4441 38 19 des
2263 4444 86 16 œuvres
2357 4439 205 24 philanthropiques
2574 4444 40 19 que
2625 4441 31 19 M.
2667 4442 53 18 Max

2214 4468 50 15 sera
2276 4464 69 21 Invité
2360 4464 15 20 k
2389 4463 102 24 désigner
2506 4463 121 20 lui-même.

2239 4487 20 19 H
2276 4492 15 18 y
2304 4491 57 17 aura
2374 4487 148 20 évidemment
2538 4492 32 15 un
2587 4487 47 20 très
2649 4488 70 23 grand

2215 4511 86 23 cortège
2318 4511 27 19 de
2357 4511 73 19 toutes
2446 4511 32 19 les
2494 4510 92 21 sociétés
2603 4511 104 20 bruxelloi-

2214 4538 36 16 ses
2259 4535 23 19 et
2294 4539 43 15 une
2346 4534 122 21 cérémonie
2477 4539 29 15 en
2517 4536 22 19 la
2549 4534 55 20 salle
2616 4535 103 23 gothique

2215 4559 27 19 de
2259 4558 79 20 l'Hôtel
2355 4558 27 19 de
2398 4558 56 20 ville.
2470 4559 59 19 Tout
2544 4559 48 19 cela
2607 4560 35 18 est
2656 4559 51 19 indé-

2213 4582 99 23 pendant
2324 4582 96 19 d'autres
2426 4582 168 20 manifestation
2607 4582 100 21 éventuel-

2214 4606 32 19 les
2257 4606 27 19 de
2296 4605 110 20 caractère
2418 4605 89 21 officiel,
2519 4609 42 19 par
2571 4606 105 23 exemple,
2687 4610 31 15 un

2214 4629 80 20 comité
2318 4628 117 24 provisoire
2461 4633 14 15 a
2502 4628 36 20 été
2553 4629 77 20 formé.
2640 4629 22 19 11
2676 4630 40 19 n'a

2214 4652 84 21 d'autre
2311 4652 40 20 but
2364 4657 40 19 que
2418 4653 26 19 de
2457 4656 24 16 se
2495 4653 79 20 mettre
2588 4658 28 15 en
2630 4653 84 19 contac'

2214 4680 51 16 avec
2278 4677 50 19 tous
2340 4676 31 19 les
2384 4677 160 22 groupements,
2556 4676 81 20 cercles
2648 4677 22 19 et
2684 4677 22 19 fé

2213 4700 101 20 dération
2331 4700 26 19 de
2372 4699 113 21 Bruxelles
2514 4700 24 20 et
2567 4699 28 21 de
2610 4701 108 19 recueillir

2215 4724 57 19 leurs
2286 4723 129 23 initiatives;
2436 4723 20 20 le
2475 4723 79 20 comité
2572 4723 99 20 définitif
2691 4725 26 19 de

2212 4747 23 22 la
2247 4748 167 19 manifestation
2426 4747 99 23 Adolphe
2537 4748 53 19 Max
2601 4752 50 15 sera
2663 4752 42 16 con-

2212 4771 68 20 stitué
2294 4775 42 20 par
2351 4770 63 24 après
2429 4771 23 19 et
2467 4770 144 24 comprendra
2624 4772 39 19 des
2678 4771 27 20 dé-

2213 4794 73 23 légués
2299 4796 27 19 de
2338 4799 36 15 ces
2387 4794 79 20 cercles
2480 4795 23 19 et
2518 4796 160 22 groupements.

2237 4818 68 21 Voici,
2327 4818 50 20 telle
2396 4818 75 24 qu'elle
2494 4818 36 20 fut
2551 4818 165 23 communiquée

2212 4841 22 19 et
2248 4841 122 24 approuvée
2384 4842 14 20 à
2417 4842 72 19 l'issue
2502 4842 27 20 de
2540 4842 23 19 la
2576 4841 99 23 réunion,
2695 4842 21 20 la

2212 4864 49 20 liste
2277 4866 39 19 des
2331 4865 108 19 membres
2466 4867 27 19 de
2509 4870 24 15 ce
2549 4866 80 19 comité
2642 4866 62 23 provi-

2211 4888 62 20 soire.
2284 4888 94 20 Celui-ci
2388 4889 145 23 comprendra
2544 4889 55 20 trois
2610 4889 107 20 membres

2211 4912 30 19 du
2250 4912 82 20 conseil
2343 4912 201 20 d'administration
2555 4913 26 19 dc
2594 4912 21 20 la
2626 4912 90 20 Grande

2211 4935 120 20 Harmonie
2359 4937 29 20 et,
2399 4940 31 15 en
2455 4936 69 21 outre,
2551 4936 56 19 MM.
2634 4936 27 19 de
2675 4936 40 20 Bal

2214 4959 120 20 (Chambre
2377 4959 28 20 de
2443 4960 130 19 commerce)
2580 4964 5 18 ;
2632 4960 84 19 Foulon

2212 4982 120 21 (Chambre
2345 4983 27 19 de
2379 4987 119 15 commerce
2511 4983 131 23 française);
2656 4985 48 21 Ray-

2211 5006 66 19 mond
2293 5006 114 20 Vaxelaire
2423 5006 116 23 (Syndicat
2552 5006 130 20 d'initiative
2689 5008 27 19 de

2210 5029 23 19 la
2249 5029 50 20 ville
2316 5030 27 19 de
2360 5030 133 22 Bruxelles);
2509 5030 118 20 Dardenne
2646 5032 57 18 (com-

2211 5057 71 15 merce
2295 5053 27 19 de
2337 5053 89 23 détail);
2441 5054 33 19 Dr
2486 5054 89 20 Masure
2588 5055 24 19 et
2624 5055 31 19 M.
2669 5055 47 19 VII-

2211 5077 43 19 lers
2272 5076 163 23 (représentant
2450 5078 33 20 les
2499 5084 8 10 «
2516 5077 143 23 Marçunvins
2666 5086 9 9 •
2692 5079 24 18 et

2210 5100 23 19 la
2246 5108 8 8 ■
2262 5099 82 20 Feuille
2356 5100 87 20 d"Etain
2451 5108 9 9 »
2475 5101 23 19 et
2511 5101 64 20 d'une
2589 5102 66 22 façon
2666 5101 50 24 plus

2209 5123 108 24 générale,
2329 5123 32 20 les
2381 5123 92 20 sociétés
2487 5124 214 24 philanthropiques)
2708 5130 5 18 ;

2211 5148 30 18 M.
2260 5147 133 23 Vloeberghs
2416 5147 101 20 (sociétés
2543 5147 170 25 dramatiques);

2210 5172 33 19 De
2260 5171 46 19 Wit
2325 5170 100 20 (sociétés
2443 5171 145 23 flamandes);
2608 5173 107 19 Dramalx

2213 5194 158 24 (dramatiques
2388 5194 142 23 françaises);
2550 5196 104 19 Fernand
2670 5197 44 19 Pa-

2210 5218 55 20 vard
2287 5217 140 21 (Fédération
2459 5218 39 20 des
2512 5218 93 20 sociétés
2623 5219 79 20 wallon-

2210 5243 60 21 nes);
2288 5241 138 20 Christiaens
2456 5241 105 20 (Sociétés
2576 5242 136 23 musicales);

2209 5266 122 19 Warimont
2347 5264 100 21 (sociétés
2460 5265 165 24 patriotiques);
2641 5266 73 21 Closet

2212 5288 97 20 'décorés
2322 5292 55 20 pour
2389 5289 62 19 actes
2462 5289 28 19 de
2503 5290 114 22 courage);
2632 5290 82 20 Lucien

2208 5314 134 18 Cooremans
2357 5311 181 24 (postscolaires);
2552 5313 100 21 Lemaire
2667 5315 35 20 (co-

2209 5336 98 19 loniaux)
2313 5339 6 19 ;
2333 5335 73 20 Alban
2418 5335 107 24 Colignon
2538 5335 101 22 (sociétés
2650 5341 52 20 spor-

2210 5360 74 19 tives).
2297 5368 27 6 —
2336 5359 28 21 G.

2834 692 41 21 (De
2889 689 64 20 notre
2967 684 190 26 correspondant.)

2765 721 68 22 Paris,
2853 721 23 18 17
2895 719 121 21 décembre.
3034 727 26 6 —
3082 718 53 18 (Par
3155 715 26 20 fil
3200 712 38 25 spé-

2741 746 58 19 cial,)
2816 754 25 5 _
2855 745 36 19 un
2905 744 78 20 double
2999 742 67 20 crime
3081 746 14 15 a
3110 739 35 22 été
3159 739 92 20 commis

2741 774 49 16 vers
2803 770 8 18 I
2825 770 69 19 heure
2906 769 30 18 du
2948 768 77 20 matin,
3038 765 125 22 dimanche,
3177 764 13 20 à
3203 763 47 19 Ga-

2741 798 49 19 gny,
2802 793 101 20 banlieue
2914 794 34 18 est
2959 792 27 20 dc
2999 791 68 20 Paris.

2766 819 59 18 Mme
2839 817 75 22 Couly,
2927 815 54 24 âgée
2994 816 27 19 de
3035 815 24 19 68
3075 818 47 16 ans.
3134 811 117 25 exploitait

2741 842 76 23 depuis
2828 841 108 25 plusieurs
2948 839 83 20 années
3043 843 30 16 un
3085 837 61 21 hôtel
3158 835 93 22 meuble,

2741 866 76 24 qu'elle
2839 865 61 20 avait
2920 863 102 24 organisé
3043 863 57 20 dans
3120 866 27 14 sa
3168 859 83 25 grande

2741 890 58 21 villa,
2809 889 71 21 située
2891 889 19 21 7.
2921 892 39 16 rue
2973 889 104 21 Joannes,
3088 886 15 20 â
3114 886 87 21 Gagny.

2766 914 45 19 Elle
2824 913 70 20 louait
2905 918 35 15 ses
2950 912 117 20 chambres
3080 915 29 15 au
3121 909 56 20 mois
3187 909 14 19 â
3213 908 39 20 des

2741 937 116 24 employés,
2870 938 14 19 k
2897 937 39 19 des
2948 936 103 20 ouvriers.

2764 961 148 24 Quelquefois,
2922 960 95 23 lorsqu'il
3027 965 13 18 y
3051 959 62 19 avait
3121 962 43 16 une
3174 956 65 20 cham-

2742 986 37 20 bre
2799 985 124 24 inoccupée,
2943 984 40 20 elle
3004 983 110 23 acceptait
3134 986 31 15 un
3184 979 68 22 client

2742 1011 27 18 de
2780 1014 98 20 passage.
2889 1009 64 20 Aussi
2964 1006 165 22 attendait-elle
3140 1004 99 23 fréquem-

2743 1035 61 18 ment
2817 1034 20 19 le
2850 1033 88 20 dernier
2951 1032 60 20 train
3023 1032 37 23 qui
3072 1030 91 20 s'arrête
3176 1030 15 19 à
3204 1029 35 19 Ga-

2742 1062 50 19 gny,
2807 1062 49 15 vers
2870 1056 87 20 minuit.

2767 1082 90 19 Samedi
2870 1082 52 20 soir,
2935 1085 25 15 ce
2975 1079 88 22 dernier
3078 1078 60 21 train
3151 1077 63 20 siffla
3230 1076 23 19 et

2743 1106 69 23 partit
2829 1106 57 19 dans
2903 1105 22 19 la
2944 1105 55 19 nuit.
3019 1105 60 18 Mme
3097 1101 76 23 Couly,
3190 1105 49 15 com-

2743 1134 34 15 me
2798 1129 42 20 elle
2860 1129 20 19 le
2902 1128 76 20 faisait
2999 1126 134 21 d'habitude,
3156 1123 97 22 attendit

2743 1153 102 23 quelques
2858 1153 97 20 minutes
2967 1152 23 19 et
3003 1152 72 19 ferma
3088 1151 31 20 les
3132 1153 96 16 verrous.

2768 1177 46 20 Elle
2826 1177 147 22 commençait
2984 1176 14 20 à
3009 1180 24 15 se
3045 1174 140 21 déshabiller,
3196 1174 44 19 lors-

2743 1205 41 19 que
2797 1201 38 19 des
2849 1205 67 18 coups
2930 1204 61 16 assez
3005 1199 93 20 violents
3113 1197 139 21 ébranlèrent

2743 1224 22 20 la
2782 1226 69 23 porte.
2869 1224 45 20 Elle
2932 1223 78 21 ouvrit.
3028 1224 123 19 L'arrivant
3170 1222 82 24 portait

2744 1253 29 15 un
2785 1249 116 23 pardessus
2911 1249 45 23 gris
2964 1250 23 18 et
2998 1247 119 25 paraissait
3127 1247 60 19 avoir
3198 1249 42 21 qua-

2744 1275 64 18 rante
2823 1277 47 15 ans.

2768 1298 60 18 Mme
2842 1296 70 24 Couly
2925 1296 20 19 le
2960 1296 28 19 flt
3001 1295 76 20 entrer
3091 1295 57 20 dans
3161 1294 21 19 le
3196 1293 56 25 petit

2743 1320 83 21 bureau
2839 1321 102 19 donnant
2951 1325 39 15 sur
3002 1319 20 20 le
3034 1319 113 21 vestibule,
3158 1319 31 19 lul
3202 1321 38 17 ton-

2744 1344 33 20 dit
2798 1349 31 15 un
2850 1344 48 20 bloc
2919 1345 27 19 de
2968 1343 93 21 feuilles,
3082 1348 43 15 une
3147 1341 74 25 plume
3245 1346 6 15 :

2745 1376 8 9 «
2769 1368 133 23 Remplissez
2914 1368 23 19 la
2950 1368 65 21 fiche,
3027 1368 34 19 s'il
3074 1371 54 16 vous
3140 1366 56 24 plait
3211 1374 17 11 ".

2769 1392 120 20 L'inconnu
2903 1391 77 20 écrivit
2994 1395 43 16 une
3052 1391 59 21 date,
3125 1391 49 23 puis
3188 1391 52 18 brus-

2743 1417 104 22 quement
2856 1420 24 15 se
2891 1416 111 20 retourna.
3013 1416 19 19 A
3043 1418 34 17 cet
3089 1415 93 20 instant.
3192 1415 61 19 Mme

2744 1439 69 24 Couly
2825 1440 38 19 eut
2877 1439 144 23 l'impression
3035 1438 77 24 qu'elle
3126 1439 61 18 avait
3201 1436 51 24 déjà

2744 1468 28 15 vu
2783 1464 36 19 cet
2828 1464 88 19 homme
2928 1464 125 22 menaçant.
3064 1463 49 19 Une
3124 1462 78 20 double
3213 1461 27 20 dé-

2744 1488 101 19 tonation
2858 1487 98 20 retentit.

2768 1510 130 21 L'hôtelière
2910 1510 113 22 s'écroula,
3035 1510 74 20 criant
3125 1514 6 15 :
3147 1518 8 8 «
3170 1511 33 19 Au
3216 1514 24 15 se-

2744 1535 72 19 cours!
2833 1535 37 19 On
2885 1539 36 15 me
2937 1535 46 19 tue!
3002 1543 17 11 -.

2769 1559 30 19 Le
2819 1558 37 20 f'.ls
2874 1559 29 19 de
2922 1559 60 19 Mme
3001 1558 75 22 Couly,
3095 1558 37 24 qui
3151 1557 101 20 couchait

2744 1581 57 21 dans
2817 1586 43 16 une
2878 1582 59 23 pièce
2954 1582 90 22 voisine,
3060 1582 88 20 réveillé
3165 1586 40 19 par
3221 1582 31 18 les

2744 1606 148 20 détonations,
2904 1606 94 20 survint,
3011 1606 57 20 mais
3081 1606 15 19 il
3111 1607 36 18 fut
3159 1605 94 20 aussitôt

2745 1629 38 20 tué
2791 1631 38 18 net
2838 1631 65 19 d'une
2913 1630 57 19 baKe
2981 1630 54 20 tirée
3046 1631 13 19 à
3069 1630 54 19 bout
3132 1629 97 24 portant.

2770 1653 29 19 Le
2817 1653 78 20 bandit
2912 1653 101 23 disparut
3030 1653 63 20 alors.
3110 1654 35 18 Au
3159 1652 96 24 premier

2744 1676 70 23 étage,
2841 1677 96 20 d'autres
2964 1677 74 23 portes
3063 1677 140 19 s'ouvraient.
3218 1677 36 18 On

2745 1701 83 19 s'inte.-
2835 1700 77 23 sgeait.

2771 1725 62 18 Deux
2852 1725 100 19 hommes
2971 1725 153 19 descendirent
3142 1723 112 20 l'escalier.

2746 1748 20 20 A
2777 1749 65 22 peine
2857 1748 129 19 avaient-Ils
3002 1750 52 21 posé
3070 1749 20 20 le
3108 1748 50 23 pied
3175 1752 40 15 sur
3232 1747 21 19 la

2745 1772 94 19 seconde
2856 1772 90 20 marche
2963 1772 63 23 qu'ils
3042 1772 141 20 entendirent
3211 1775 42 16 une

2747 1796 85 19 fenêtre
2844 1796 92 19 s'ouvrir
2948 1796 157 23 brusquement
3118 1797 30 19 et.
3162 1795 46 20 très
3221 1795 21 20 lé-

2747 1820 57 23 gère,
2820 1824 43 15 une
2879 1823 75 16 course
2970 1820 76 23 rapide
3063 1820 57 19 dans
3136 1820 20 19 le
3173 1820 80 23 jardin.

2772 1850 36 19 On
2825 1849 160 23 réquisitionna
3013 1849 165 23 sur-le-champ
3211 1852 43 16 une

2747 1873 84 19 voiture
2843 1877 57 19 pour
2926 1874 139 22 transporter
3092 1874 59 18 Mme
3179 1873 69 23 Couly

2746 1897 102 19 Pendant
2862 1897 65 23 qu'on
2941 1896 22 20 la
2977 1897 107 19 soulevait
3096 1901 52 15 avec
3162 1897 80 22 précau-

2747 1921 48 19 tion
2807 1922 23 18 et
2843 1922 65 22 qu'on
2921 1920 123 21 l'installait
3057 1921 57 19 dans
3126 1921 75 20 l'auto,
3214 1920 40 20 elle

2746 1946 38 19 eut
2800 1944 22 20 la
2836 1945 59 19 force
2910 1944 27 20 de
2952 1945 86 19 donner
3053 1945 32 19 los
3100 1944 103 24 quelques
3219 1944 24 19 in-

2747 1969 109 19 dications
2864 1969 65 23 qu'on
2939 1968 60 19 vient
3007 1969 28 19 de
3047 1968 39 19 lire
3097 1973 39 14 sur
3147 1968 19 19 le
3178 1969 76 18 drani"

2747 1992 121 21 lui-même,
2882 1992 16 19 il
2924 1993 97 23 apparut
3046 1992 93 20 aussitôt
3166 1996 42 18 que
3236 1991 19 19 le

2748 2016 116 20 meurtrier
2881 2016 136 19 connaissait
3047 2016 159 24 parfaitement
3224 2015 32 20 les

2748 2040 68 20 aitres
2832 2041 29 20 et.
2877 2040 84 20 d'autre
2976 2040 57 23 part,
3048 2040 33 19 les
3097 2039 117 20 habitudes
3228 2039 26 19 de

2748 2063 134 20 l'hôtclhère.

2772 2094 29 19 Lo
2815 2093 78 20 mobile
2906 2093 27 20 de
2946 2097 24 16 ce
2983 2094 67 19 crime
3064 2094 40 20 est.
3116 2097 54 15 sans
3183 2093 70 19 doute,

2748 2117 20 20 le
2780 2117 42 22 vol,
2838 2118 56 19 mais
2910 2117 14 20 à
2936 2118 58 19 cette
3009 2116 122 24 hypothèse
3160 2121 29 15 on
3202 2118 52 23 peut

2748 2141 56 20 faire
2820 2141 27 20 de
2864 2141 141 20 nombreuses
3020 2141 128 23 objections.

2773 2166 59 19 Mme
2846 2169 66 15 veuve
2928 2165 68 23 Couly
3012 2166 22 18 et
3062 2169 41 15 son
3120 2165 36 19 fils
3171 2164 83 20 étaient

2748 2189 45 19 très
2806 2188 90 20 estimés
2910 2189 57 19 dans
2978 2190 22 19 la
3014 2188 83 23 région.
3111 2189 45 19 Dos
3167 2189 88 19 battues

2747 2214 39 18 ont
2799 2212 36 20 été
2848 2213 134 23 entreprises
2996 2212 190 20 immédiatement
3199 2213 56 19 dans

2748 2237 21 19 la
2782 2236 83 24 région.
2877 2236 58 20 Elles
2963 2237 62 19 n'ont
3041 2237 75 19 fourni
3130 2240 73 16 aucun
3219 2236 24 19 in-

2748 2261 47 19 dice
2810 2260 91 20 sérieux.
2915 2261 29 20 Le
2960 2261 117 19 meurtrier
3093 2265 14 14 a
3120 2260 31 19 dû
3163 2260 93 19 s'enfuir

2749 2284 14 20 à
2776 2284 120 24 bicyclette,
2911 2283 14 20 à
2943 2285 72 19 moins
3021 2294 26 4 —
3063 2286 22 18 et
3101 2285 51 19 c'est
3171 2284 22 19 là
3211 2288 44 15 une

2747 2309 56 22 piste
2817 2312 41 20 que
2871 2308 89 19 suivent
2986 2307 156 20 actuellement
3153 2308 33 19 les
3198 2307 45 24 poli-

2748 2332 56 19 ciers
2820 2342 26 4 —
2862 2332 51 23 qu'il
2930 2332 55 19 n'ait
2999 2332 83 22 rejoint
3096 2336 41 15 son
3154 2331 101 20 domicile

2747 2355 65 24 situé,
2825 2356 104 21 croit-on.
2942 2360 45 15 non
3000 2356 45 20 loin
3059 2357 27 19 de
3097 2355 23 20 la
3133 2360 38 15 rue
3185 2356 58 19 Joan

2749 2384 45 15 nés.

2772 2404 59 20 Mme
2842 2408 67 15 veuve
2916 2403 69 23 Couly
2996 2404 34 19 est
3042 2404 55 20 dans
3109 2408 31 15 un
3152 2403 47 20 état
3211 2403 45 20 très

2750 2432 71 19 grave,
2837 2427 14 20 k
2865 2428 100 23 l'hôpital
2982 2428 30 19 du
3027 2427 92 23 Raincy.

2813 2503 39 26 UN
2878 2503 101 26 DRAME
3007 2504 37 25 DE
3069 2503 122 27 MENAGE

2773 2569 91 21 Anvers,
2880 2569 22 19 17
2917 2568 121 21 décembre.
3053 2579 26 4 —
3093 2569 34 19 Au
3141 2568 114 20 deuxième

2748 2592 63 24 étage
2825 2593 54 19 d'un
2892 2593 116 20 immeuble
3022 2593 27 19 de
3063 2593 23 20 la
3099 2597 39 15 rue
3153 2592 95 20 Clémen

2749 2617 53 21 Une,
2815 2616 15 19 à
2842 2617 90 21 Anvers,
2944 2616 95 21 habitait
3053 2616 20 20 le
3087 2616 93 23 ménage
3191 2617 53 19 fran-

2749 2641 47 22 çais
2806 2640 52 22 H....
2870 2640 20 19 le
2903 2641 57 18 mari
2972 2640 40 23 âgé
3025 2640 27 20 de
3065 2641 25 19 62
3102 2644 48 18 ans,
3162 2640 23 19 la
3198 2640 46 20 fem

2749 2669 42 15 me,
2805 2664 88 23 Sophie,
2905 2664 28 19 de
2947 2664 25 19 60
2985 2668 47 15 ans.

2775 2688 31 20 La
2822 2688 106 19 concorde
2946 2692 29 15 ne
2993 2688 87 23 régnait
3098 2692 41 19 pas
3156 2688 101 23 toujours

2750 2713 62 17 entre
2830 2711 32 19 les
2877 2712 58 18 deux
2950 2711 72 24 époux
3037 2713 24 17 et
3077 2711 15 20 il
3107 2716 13 18 y
3134 2716 14 15 a
3165 2711 90 23 quelque

2751 2736 77 21 temps,
2840 2735 22 18 la
2873 2735 81 19 femme
2967 2735 60 19 avait
3040 2735 70 23 quitté
3123 2736 19 19 le
3156 2735 100 19 domicile

2749 2758 111 23 conjugal.

2775 2782 48 19 Une
2835 2781 166 20 réconciliation
3013 2781 57 20 était
3083 2782 125 23 cependant
3222 2782 28 20 in

2751 2805 103 20 tervenue
2866 2807 23 18 et
2901 2806 66 23 depui
2978 2805 103 24 quelques
3093 2808 61 22 jours
3165 2807 22 19 la
3200 2807 45 19 fem-

2751 2834 34 15 me
2800 2830 56 20 était
2874 2834 101 16 revenue.
2992 2830 37 19 On
3045 2830 84 23 croyait
3149 2830 19 19 le
3187 2830 69 19 calme

2749 2850 178 23 définitivement
2941 2857 88 18 revenu,
3040 2853 85 24 lorsque
3138 2854 118 20 dimanche

2750 2882 44 15 une
2813 2877 102 24 querelle,
2934 2877 51 24 plus
3003 2877 94 21 violente
3113 2882 42 20 que
3175 2878 81 23 jamais

2750 2901 78 19 éclata.
2841 2901 106 22 Soudain,
2959 2905 30 15 au
3002 2905 128 20 paroxysme
3144 2902 27 19 dc
3184 2902 22 19 la
3218 2906 27 16 co-

2750 2925 52 22 lère,
2820 2925 44 19 H...
2881 2925 64 19 saisit
2964 2929 31 15 un
3013 2926 69 19 rasoir
3096 2927 24 18 et
3137 2925 76 20 voulut
3227 2930 29 15 en

2751 2949 91 23 frapper
2859 2953 26 15 sa
2904 2949 89 20 femme.
3009 2949 91 20 Celle-ci
3118 2954 23 15 se
3161 2949 96 20 débattit

2750 2972 177 24 désespérément
2944 2977 30 16 en
2992 2973 106 23 appelant
3116 2978 28 15 au
3162 2978 93 15 secours.

2750 2997 58 19 Mais
2823 2999 69 17 avant
2907 3001 40 19 que
2963 2997 32 19 les
3007 2997 81 19 voisins
3103 2998 64 19 aient"
3176 3002 30 19 pu
3220 2998 34 19 In-

2750 3020 91 22 tevenir,
2853 3020 42 20 elle
2909 3020 60 20 avait
2984 3020 35 21 été
3033 3023 127 19 gravement
3175 3021 80 20 blessée

2750 3048 44 16 aux
2809 3044 101 23 poignets
2926 3045 58 19 ainsi
3001 3045 49 23 qu'a
3068 3045 21 19 la
3106 3049 71 19 gorge.

2774 3069 29 18 Le
2818 3069 56 19 mari
2887 3073 29 14 en
2927 3070 82 21 voyant
3020 3068 21 20 le
3051 3073 62 19 sang,
3127 3074 13 15 a
3154 3070 61 19 tenté
3228 3070 26 19 de

2750 3096 24 16 se
2790 3092 96 19 suicider
2902 3093 24 19 et
2943 3097 23 16 se
2984 3094 64 22 porta
3064 3093 108 23 plusieurs
3190 3097 66 19 coups

2750 3116 27 19 de
2794 3120 41 15 son
2853 3120 67 15 arme.

2775 3140 59 19 Tous
2849 3140 57 19 deux
2920 3140 42 20 ont
2972 3140 37 20 été
3023 3140 136 24 transportés
3171 3141 14 20 à
3200 3141 44 20 l'hô-

2751 3163 55 24 pital
2819 3164 77 19 Sainte
2898 3164 130 20 -Elisabeth.
3040 3164 71 21 L'état
3124 3165 27 20 de
3163 3165 22 20 la
3198 3166 45 19 fem-

2751 3192 34 15 me
2797 3189 35 18 est
2844 3187 112 20 considéré
2968 3193 84 15 comme
3062 3188 120 24 désespéré.

2878 3258 54 26 LES
2957 3253 160 32 RÉFORMES

2858 3308 37 26 DE
2920 3308 31 27 M.
2969 3308 34 26 LA
3023 3309 126 26 GUARDIA

2843 3375 41 21 (De
2899 3375 64 20 notre
2978 3376 186 23 correspondant)

2776 3404 103 22 Londres,
2900 3405 23 18 17
2941 3404 120 20 décembre.
3080 3415 26 5 —
3128 3406 53 19 (Par
3200 3405 43 21 télé-

2751 3428 91 22 phone).
2855 3438 26 4 —
2895 3429 29 19 Le
2940 3429 171 23 correspondant
3124 3429 31 20 du
3168 3438 8 7 <•
3193 3430 63 19 News

2750 3452 116 20 Chronicle
2879 3460 9 8 «
2903 3452 61 21 câble
2978 3453 27 20 de
3017 3453 62 19 New-
3081 3454 59 18 York
3154 3458 41 19 que
3208 3454 35 19 sui-

2752 3479 52 18 vant
2823 3476 112 24 l'exemple
2954 3476 73 21 donné
3045 3481 41 20 par
3105 3477 19 20 le
3144 3477 112 23 président

2751 3499 121 22 Roosevelt.
2893 3500 26 20 de
2943 3505 98 15 nommer
3064 3501 38 19 des
3120 3500 136 24 professeurs

2750 3523 139 20 d'université
2901 3528 44 15 aux
2957 3525 72 23 postes
3041 3524 172 21 administratifs
3224 3526 32 19 les

2750 3547 49 23 plus
2815 3547 78 21 élevés,
2910 3547 20 20 le
2945 3552 99 16 nouveau
3063 3548 68 21 maire
3149 3550 27 20 de
3191 3549 63 19 New-

2750 3571 65 22 York,
2830 3572 29 19 M.
2874 3571 93 20 Fiorello
2980 3572 32 20 La
3027 3572 99 20 Guardia
3141 3577 14 15 a
3166 3573 89 19 nommé

2749 3595 20 19 le
2790 3596 125 22 professeur
2934 3595 70 23 Berle,
3024 3595 139 22 chambellan
3183 3597 27 20 de
3232 3597 23 19 la

2749 3619 49 19 Cité
2814 3620 22 18 et
2850 3619 103 21 conseillr
2965 3624 44 15 aux
3025 3620 101 19 finances
3135 3625 5 17 ;
3158 3621 20 20 le
3192 3620 62 23 prof-

2749 3643 84 19 fesseur
2848 3643 176 22 Russel-Forbes.
3040 3644 26 20 de
3079 3644 133 20 l'université
3226 3645 27 19 de

2749 3667 62 19 New-
2813 3667 60 19 York
2886 3667 88 20 devient
2986 3667 52 20 chef
3052 3668 38 19 des
3104 3668 84 23 achats,
3202 3670 40 17 tan-

2748 3690 35 19 dis
2798 3695 41 18 que
2855 3691 20 19 le
2892 3691 124 23 professeur
3033 3692 82 22 Joseph
3129 3692 51 20 Mac
3198 3692 55 19 Gol-

2749 3714 67 22 drick.
2832 3714 26 20 de
2871 3714 133 20 l'université
3019 3715 27 20 de
3062 3715 115 21 Columbia
3192 3721 14 15 a
3219 3716 35 19 été

2748 3738 87 20 nommé
2851 3738 124 20 contrôleur
2989 3739 27 19 de
3031 3739 22 19 la
3069 3738 54 20 Cité.
3137 3740 31 18 La
3184 3739 68 24 police

2748 3766 14 15 a
2780 3761 119 24 égalemeni
2920 3766 52 19 reçu
2987 3767 31 15 un
3037 3767 100 16 nouveau
3155 3763 58 22 chef,
3230 3764 23 19 et

2748 3786 51 20 c'est
2814 3785 19 20 le
2846 3785 87 24 général
2949 3787 111 22 O'Rayan,
3074 3791 31 15 un
3119 3788 39 19 des
3169 3787 84 19 soldats

2748 3810 31 19 les
2794 3809 50 24 plus
2860 3814 83 15 connus
2958 3810 27 19 de
3000 3809 137 24 l'Amérique.

2772 3833 41 19 Les
2823 3832 107 21 réformes
2942 3834 66 19 faites
3017 3838 41 19 par
3070 3835 29 19 M.
3111 3835 31 19 La
3153 3835 99 19 Guardia

2748 3856 55 20 dans
2822 3857 195 20 l'administration
3037 3858 165 24 new-yorkaise,
3219 3859 33 20 dit

2746 3882 20 18 le
2780 3881 171 22 correspondant
2965 3881 29 20 du
3009 3890 8 7 «
3029 3882 63 19 News
3105 3882 115 20 Chronicle
3236 3892 16 13 ■•,

2746 3905 51 18 sont
2809 3905 162 23 remarquables
2981 3909 41 19 par
3033 3905 47 20 leur
3091 3906 105 23 ampleur.
3206 3908 34 18 Au-

2745 3932 57 15 cune
2814 3928 50 20 ville
2877 3928 130 20 américaine
3019 3930 36 18 n'a
3067 3933 28 16 vu
3108 3934 31 15 un
3149 3930 90 22 nettoya-

2746 3956 25 18 ge
2783 3952 58 19 aussi
2852 3952 95 23 complet
2957 3953 56 20 dans
3022 3957 41 16 son
3072 3953 179 21 administration

2746 3980 41 19 que
2801 3976 130 24 New-York,
2945 3976 77 24 depuis
3034 3981 41 19 que
3087 3978 30 19 M.
3132 3978 31 18 La
3177 3979 63 19 Guar-

2746 4000 36 19 dia
2798 4003 14 15 a
2826 3999 45 24 pris
2882 4004 35 15 ses
2932 4000 110 20 fonctions
3057 4001 27 20 de
3098 4001 76 21 maire.

2791 4069 46 26 500
2860 4069 163 28 CANDIDATS
3048 4070 160 29 FASCISTES

2870 4120 37 25 EN
2931 4120 196 27 ANGLETERRE

2836 4185 41 21 (De
2891 4186 63 18 notre
2968 4187 186 22 correspondant.)

2769 4214 103 23 Londres,
2893 4215 23 19 17
2937 4214 119 23 décembre.
3072 4226 26 5 —
3121 4217 53 20 (Par
3194 4218 42 19 télé-

2744 4238 92 23 phone).
2849 4248 26 4 —
2890 4239 29 19 Le
2934 4240 172 22 correspondant
3124 4240 113 25 parlemen-

2745 4262 55 20 taire
2813 4262 29 20 du
2856 4270 8 8 «
2879 4263 63 19 News
2954 4263 115 20 Chronicle
3084 4271 8 11 ■
3106 4264 33 20 dit
3151 4266 51 22 qu'il
3216 4267 32 19 est

2744 4286 102 23 probable
2864 4290 41 19 que
2922 4287 50 23 cinq
2989 4288 64 18 cents
3069 4288 117 20 candidats
3201 4290 46 19 fas-
3258 4295 3 18 |

2744 4309 65 20 cistes
2823 4310 28 19 de
2867 4310 88 19 l'Union
2971 4311 39 19 des
3023 4311 101 21 fascistes
3138 4312 98 21 britanni-

2744 4337 52 19 ques
2809 4333 81 24 dirigée
2907 4338 40 20 par
2964 4335 36 19 Sir
3015 4335 87 20 Oswald
3119 4337 90 23 Mosley,
3224 4341 24 15 se

2744 4356 154 24 présenteront
2922 4362 44 15 aux
2989 4359 131 22 prochaines
3143 4359 105 21 élections

2743 4380 118 23 générales.

2767 4405 44 18 Par
2819 4409 25 15 ce
2859 4409 83 19 moyen,
2955 4405 32 21 dit
3001 4407 18 19 le
3032 4407 173 23 correspondant
3218 4411 29 18 du

2744 4435 8 9 <•
2769 4429 63 18 News
2846 4428 116 21 Chronicle
2979 4438 8 8 »
3002 4435 24 15 ce
3042 4435 80 19 groupe
3137 4431 71 21 désire
3223 4436 24 17 se

2742 4452 79 20 rendre
2834 4454 86 22 compte
2934 4454 27 20 de
2975 4453 151 23 l'Importance
3140 4456 30 19 du
3184 4461 52 15 mou-

2744 4476 87 19 vement
2847 4476 24 20 et
2891 4476 31 20 du
2940 4477 77 19 succès
3036 4478 52 23 qu'il
3109 4479 74 21 aurait
3204 4484 43 16 aux

2743 4503 72 16 urnes.

2766 4523 82 24 Depuis
2859 4524 90 23 quelque
2961 4525 71 23 temps
3042 4525 52 23 déjà
3104 4526 31 19 les
3146 4528 101 20 fascistes

2742 4546 151 24 britanniques
2908 4548 134 20 discutaient
3057 4549 148 22 l'éventualité
3219 4553 27 19 de

2740 4574 24 15 se
2780 4570 113 23 présenter
2907 4576 45 15 aux
2968 4572 110 25 élections,
3095 4573 48 21 afin
3159 4575 27 20 de
3200 4576 47 19 voir

2742 4594 18 20 le
2771 4595 90 19 nombre
2874 4595 27 19 de
2912 4595 70 23 sièges
2994 4597 63 22 qu'ils
3067 4598 127 22 pourraient
3207 4601 27 19 ob-

2742 4618 63 19 tenir.

2766 4642 29 19 Le
2811 4641 93 21 résultat
2918 4643 27 19 de
2962 4647 36 16 ces
3013 4643 106 21 élections
3134 4645 49 21 dira
3196 4646 38 21 l'in-

2741 4665 86 21 fluence
2838 4666 31 20 du
2881 4667 59 23 parti
2951 4668 24 18 et
2985 4672 37 15 ses
3030 4669 96 20 chances
3137 4670 27 20 de
3170 4671 75 20 succès

2742 4689 67 20 futur.

3325 445 49 30 LES
3394 444 147 30 FLAMMES
3560 435 166 37 DÉVORENT

3436 481 167 45 UNEJJSINE

3306 539 51 30 LES
3376 534 117 35 DÉGÂTS
3512 538 79 30 SONT
3609 527 138 40 ÉVALUÉS

3386 578 21 28 A
3426 576 82 31 DEUX
3527 575 143 31 MILLIONS

3296 632 106 23 Verviers,
3418 633 23 18 16
3455 631 120 20 décembre.
3588 640 26 5 —
3627 629 91 21 Samedi
3731 632 51 16 vpts

3271 656 25 20 20
3315 656 23 20 h.
3358 657 31 22 20,
3409 656 39 19 des
3465 656 104 23 passants
3589 654 134 23 aperçurent
3742 652 40 20 des

3272 680 102 19 flammes
3393 680 146 22 s'échappant
3558 679 65 19 d'une
3644 678 63 19 usine
3728 676 44 21 d'ef-

3272 704 115 22 filochage,
3406 703 69 20 située
3497 708 28 15 en
3545 702 101 22 Béribou,
3664 704 119 17 commune

3272 728 27 19 de
3313 728 157 19 Lambermont
3488 726 128 21 (Verviers).

3297 752 30 18 Us
3345 751 121 21 alertèrent
3483 750 190 21 immédiatement
3691 750 21 18 le
3729 752 40 18 pro-

3273 775 103 24 priétaire
3391 775 37 23 qui
3442 774 76 20 habite
3533 779 43 14 une
3589 773 52 20 villa
3654 774 61 19 toute
3730 776 39 19 pro-

3272 800 41 19 che
3328 800 24 19 et
3366 799 90 20 celui-ci
3473 798 88 24 prévint
3578 797 32 20 les
3627 797 111 23 pompiers
3754 796 28 20 de

3273 824 99 19 Verviers
3386 825 22 17 et
3422 822 117 20 d'Ensival.

3297 848 57 18 Avec
3372 846 101 24 rapidité,
3493 845 87 20 ceux-ci
3599 849 24 15 se
3644 844 126 22 transportè-

3273 873 50 18 rent
3334 875 40 15 sur
3386 870 32 20 les
3431 870 59 19 lieux
3501 870 24 20 et
3536 870 82 19 mirent
3631 869 23 19 18
3666 868 75 21 lances
3753 872 29 16 en

3272 895 101 20 batterie.
3394 893 85 24 Malgré
3501 894 50 19 tous
3573 893 58 20 leurs
3653 892 87 22 efforts,
3762 891 21 20 le

3273 920 88 18 sinistre
3379 919 44 23 prit
3440 917 85 20 bientôt
3539 917 39 20 des
3593 917 140 23 proportions
3748 915 23 21 ef-

3274 943 120 19 frayantes-

3297 968 34 18 En
3346 967 57 19 deux
3419 966 85 21 heures,
3519 965 16 20 il
3551 964 80 20 dévora
3646 964 78 20 l'usine
3739 963 43 23 qui,

3272 991 69 19 haute
3359 991 27 19 de
3404 990 13 19 4
3432 990 82 22 étages,
3532 989 61 19 avait
3611 989 25 19 30
3654 988 83 20 mètres
3755 987 27 20 de

3273 1014 106 23 longueur
3392 1018 39 15 sur
3444 1014 23 19 15
3480 1013 27 20 de
3521 1013 135 23 profondeur
3669 1012 24 20 et
3705 1012 65 20 conte-

3273 1039 48 19 nait
3342 1039 27 19 de
3390 1037 45 21 très
3455 1037 147 24 importantes
3621 1035 113 24 quantités
3756 1035 27 20 de

3274 1062 103 20 matières
3391 1062 81 19 brutes-

3298 1086 130 19 L'immense
3443 1085 84 20 brasier
3539 1084 101 20 éclairait
3652 1088 45 15 une
3711 1083 72 22 partie

3274 1110 26 20 de
3315 1110 100 19 Verviers
3430 1114 28 15 au
3473 1109 63 23 point
3551 1113 41 19 que
3605 1108 46 20 l'on
3664 1108 75 20 aurait
3753 1106 31 23 pu

3273 1138 23 16 se
3309 1135 69 18 croire
3391 1138 28 16 en
3431 1134 60 22 plein
3503 1134 57 22 jour.

3298 1158 24 19 Si
3335 1162 44 15 une
3393 1157 80 20 toiture
3486 1162 29 15 en
3527 1156 118 24 poutrelles
3658 1157 62 20 n'eut
3730 1159 41 15 sou-

3274 1182 54 20 tenu
3347 1181 101 22 l'édifice,
3467 1181 90 19 celui-ci
3574 1185 24 15 se
3617 1180 37 19 fût
3672 1179 99 20 certaine-

3274 1209 62 17 ment
3355 1204 102 22 effondré
3474 1209 39 15 sur
3529 1204 31 20 les
3578 1207 124 19 courageux
3720 1207 52 18 pom-

3274 1229 58 23 piers
3344 1229 44 23 qui,
3413 1233 29 15 au
3456 1228 91 20 nombre
3560 1228 28 20 de
3601 1227 126 24 cinquante,
3739 1227 45 19 s'a-

3277 1254 130 18 ..T*rnt.'rcnt
3421 1253 14 19 à
3449 1253 74 19 lutter.

3299 1277 40 19 Les
3360 1276 83 23 dégâts,
3462 1276 102 20 couverts
3583 1280 42 18 par
3644 1275 141 20 l'assurance,

3273 1302 52 18 sont
3339 1300 87 20 évalués
3441 1301 13 19 à
3467 1300 50 23 plus
3532 1300 27 19 de
3573 1300 58 19 deux
3642 1299 103 19 millions.

3293 1325 36 19 On
3341 1325 74 22 ignore
3428 1324 32 21 les
3471 1328 77 16 causes
3558 1323 30 20 du
3598 1323 90 19 sinistre
3703 1327 6 15 :
3723 1325 49 17 com-

3273 1348 89 20 bustion
3379 1347 110 25 spontané
3508 1352 28 15 ou
3554 1348 63 18 court
3632 1346 85 20 circuit.

3283 1402 26 29 SI
3328 1401 81 30 VOUS
3428 1401 72 29 ETES
3519 1400 102 29 INVITE
3640 1399 37 30 CE
3697 1398 77 31 SOIR,

3348 1445 94 29 SOYEZ
3461 1444 58 30 SUR
3539 1444 40 29 DE
3598 1443 38 29 NE
3655 1442 58 30 PAS

3328 1488 210 30 INCOMMODER
3557 1487 59 29 VOS
3636 1486 76 30 AMIS
3723 1486 8 29 !

3301 1531 58 20 Vous
3375 1534 28 15 ne
3429 1533 83 20 pouvez
3526 1528 82 24 jamais
3623 1528 74 20 savoir
3709 1527 15 20 à
3735 1527 51 24 quel

3276 1555 98 19 moment
3387 1558 54 15 vous
3455 1553 47 20 êtes
3516 1553 83 20 atteint
3613 1553 27 19 de
3655 1550 132 22 cacostomie

3279 1578 121 20 (.mauvaise
3414 1577 109 20 haleine).

3301 1603 59 19 Cest
3374 1606 30 16 un
3419 1602 45 19 mal
3478 1606 110 18 passager,
3602 1601 56 19 mais
3673 1600 116 21 insidieux,

3276 1626 87 19 chacun
3377 1629 29 17 en
3419 1627 36 18 est
3469 1625 87 20 victime
3572 1624 14 20 à
3599 1629 32 15 un
3643 1625 101 19 moment
3757 1627 30 15 ou

3276 1650 84 20 l'autre.

3301 1675 41 18 Les
3361 1674 58 19 mets
3437 1673 80 23 épicés,
3529 1673 32 19 les
3577 1672 100 20 boissons
3695 1671 79 20 alcooli-

3276 1702 53 19 ques
3345 1699 24 19 et
3379 1698 90 19 surtout
3485 1698 32 20 les
3532 1696 72 21 bières
3620 1697 71 19 fortes
3712 1695 21 21 le
3749 1696 25 18 ta-

3276 1722 47 21 bac,
3336 1725 44 16 une
3410 1721 113 19 mauvaise
3552 1720 110 24 digestion
3691 1719 96 20 rendent

3275 1745 103 19 l'haleine
3394 1745 93 23 impure,
3503 1744 71 20 même
3603 1744 19 19 si
3651 1747 55 16 vous
3732 1746 55 16 vous

3276 1770 86 19 brossez
3374 1768 32 20 les
3419 1769 66 20 dents
3499 1767 65 24 après
3577 1768 84 22 chaque
3675 1770 72 20 repas.

3300 1794 32 18 Ne
3344 1797 76 18 croyez
3432 1796 40 19 pas
3484 1797 42 18 que
3538 1792 61 20 votre
3610 1791 89 21 haleine
3711 1794 35 16 est
3755 1790 21 20 ir-

3277 1816 149 24 réprochable.
3448 1817 32 18 Ne
3504 1819 91 21 poussez
3631 1819 40 18 pas
3694 1814 80 20 l'insou-

3277 1841 75 19 ciance
3365 1845 30 16 au
3409 1840 63 24 point
3485 1840 27 19 de
3526 1839 98 23 négliger
3635 1843 44 15 une
3693 1838 81 23 précau-

3277 1865 47 19 tion
3337 1864 115 24 d'hygiène
3466 1863 55 20 dont
3535 1863 74 20 l'oubli
3623 1862 131 24 éloignerait
3760 1862 27 19 de

3277 1893 54 15 vous
3344 1888 72 20 î.iême
3431 1892 38 15 vos
3483 1887 112 20 meilleurs
3609 1887 62 19 amis.

3302 1913 59 18 Vous
3369 1912 150 23 supprimerez
3529 1916 25 15 ce
3567 1911 73 22 risque
3651 1913 23 18 et
3686 1914 54 16 vous
3750 1913 24 17 se-

3277 1940 36 15 rez
3327 1936 40 20 sûr
3379 1936 27 19 de
3423 1940 54 14 vous
3491 1935 19 19 si
3524 1939 54 15 vous
3593 1938 54 15 vous
3664 1934 124 22 gargarisez

3277 1959 72 20 matin
3362 1962 24 18 et
3400 1960 52 22 soir,
3468 1963 29 15 au
3513 1958 216 20 MEN-THY-MOL.
3746 1958 43 20 Cet

3278 1984 154 22 antiseptique,
3448 1983 28 19 de
3493 1982 53 23 goût
3564 1981 44 21 très
3624 1982 110 23 agréable,
3749 1981 28 20 dé-

3277 2008 96 19 sodorise
3387 2008 100 23 pendant
3500 2007 39 20 des
3552 2006 79 20 heures
3644 2011 44 15 une
3701 2005 89 21 haleine

3277 2036 55 18 pour
3350 2031 93 24 laquelle
3462 2031 39 19 des
3517 2031 129 19 dentifrices
3664 2030 123 19 ordinaires

3277 2055 98 20 seraient
3406 2055 136 21 inefficaces,
3573 2058 66 20 parce
3659 2052 117 26 qu'insuffi-

3277 2081 111 18 samment
3409 2080 72 18 actifs.
3500 2079 44 19 Par
3563 2082 42 15 son
3627 2078 91 23 thymol,
3739 2077 52 20 bien

3278 2103 49 23 plus
3347 2103 147 23 antiseptique
3515 2107 41 18 que
3572 2101 78 21 l'acide
3670 2101 118 24 phénique,

3277 2127 210 20 MEN-THY-MOL
3501 2126 72 19 arrête
3589 2127 61 19 toute
3663 2125 113 20 fermenta-

3278 2151 47 19 tion
3340 2152 24 18 et
3378 2151 108 19 infection
3501 2150 37 23 qui
3554 2151 52 20 sont
3621 2149 24 20 la
3658 2153 67 16 cause
3741 2148 36 20 d'o-

3278 2175 66 19 deurs
3360 2173 158 24 désagréables.
3534 2174 43 19 Par
3592 2177 43 16 son
3648 2172 107 23 menthol,
3771 2174 18 17 U

3277 2198 119 20 rafraîchit
3409 2199 21 19 le
3444 2198 77 23 palais.
3535 2196 75 24 Enfin,
3625 2201 41 20 par
3678 2197 23 19 la
3715 2196 61 24 glycé-

3277 2223 48 19 rine
3339 2222 89 20 boratée
3442 2221 51 24 qu'il
3507 2221 101 20 contient
3622 2225 29 15 en
3664 2221 60 19 forte
3735 2223 41 21 pro-

3279 2246 94 23 portion,
3394 2246 17 19 il
3433 2245 70 20 calme
3526 2246 33 19 les
3593 2248 131 19 muqueuses
3747 2248 29 16 en-

3278 2269 115 20 flammées
3405 2270 24 20 et
3442 2268 107 24 assouplit
3562 2268 33 20 les
3608 2268 76 20 cordes
3695 2267 92 21 vocales.

3277 2293 210 20 MEN-THY-MOL
3502 2297 29 15 ne
3549 2292 81 23 purifie
3660 2296 42 19 pas
3715 2291 60 20 seule-

3278 2319 63 18 ment
3351 2317 110 22 l'haleine,
3472 2317 16 20 il
3498 2317 35 18 est
3545 2316 20 20 le
3576 2315 101 20 meilleur
3687 2315 101 20 calmant

3278 2342 30 19 du
3319 2342 46 19 mal
3379 2341 27 20 de
3422 2345 65 19 gorge
3500 2341 25 18 et
3538 2339 20 21 le
3573 2339 100 20 meilleur
3687 2339 100 23 ant__i>ep-

3278 2368 59 21 tique
3350 2370 56 18 pour
3418 2365 70 19 éviter
3500 2365 22 19 la
3535 2364 119 22 contagion
3666 2364 39 19 des
3717 2364 60 19 mala-

3277 2390 47 19 dies
3339 2390 40 19 des
3394 2389 60 19 voies
3469 2388 158 23 respiratoires.

3303 2414 30 19 Le
3349 2413 71 22 grand
3437 2412 75 20 flacon
3528 2416 6 15 :
3553 2412 23 19 15
3593 2412 34 20 fr..
3641 2411 57 20 dans
3714 2412 74 19 toutes

3278 2437 32 19 les
3339 2436 149 20 Pharmacies.
3518 2435 210 20 MEN-THY-MOL
3758 2439 29 15 ne

3276 2461 111 22 s'emploie
3402 2464 41 20 pas
3456 2464 49 18 pur,
3519 2459 57 20 mais
3591 2458 59 21 dilué
3666 2463 29 15 au
3710 2459 75 24 quart;

3278 2485 16 19 il
3309 2488 35 16 est
3362 2485 56 19 donc
3438 2484 45 19 très
3501 2483 147 22 économique.
3670 2483 115 20 (21D/3321

3330 2518 54 45 Vn
3404 2532 169 30 nouveau
3592 2517 148 44 remède

3277 2588 128 38 contre
3412 2579 53 46 les
3470 2596 112 29 maux
3587 2579 202 45 d'estomac

3298 2642 62 18 Enfin,
3375 2642 18 15 le
3407 2645 54 15 corps
3476 2641 27 16 mé
3510 2641 42 15 II"!
3568 2642 29 14 est
3612 2640 85 16 d'accord
3712 2644 33 12 sur
3759 2643 27 13 un

3279 2662 54 16 sujrt.
3350 2662 78 15 Partout
3443 2661 48 15 dans
3507 2661 26 15 les
3549 2660 88 18 cliniques
3654 2663 19 13 e:
3689 2660 27 16 les
3732 2660 43 18 hôpi-

3280 2683 49 16 taux,
3341 2685 24 11 on
3377 2681 76 17 emploie
3464 2684 25 11 un
3502 2680 73 17 proJui:
3586 2683 60 12 connu
3658 2683 44 12 sous
3713 2679 17 16 le
3742 2683 43 12 nora

3279 2701 22 14 de
3313 2700 83 15 Formule
3409 2699 111 16 MACLEAN.
3533 2699 16 15 Il
3561 2700 60 17 guérit
3634 2700 60 15 toutes
3707 2699 27 15 les
3745 2702 31 12 ma-

3279 2720 57 15 ladies
3347 2722 23 15 ca
3372 2721 27 13 str
3400 2719 16 16 ta
3419 2722 36 13 'tu.
3469 2719 56 15 mime
3538 2718 26 16 les
3575 2718 70 16 ulcè.-es
3657 2718 23 15 da
3691 2718 94 16 l'estomac

3279 2741 18 13 et
3314 2739 24 15 du
3354 2738 110 15 duodénum.

3300 2757 123 16 Maintenant,
3446 2759 45 13 von*
3512 2759 95 13 trouverea
3629 2757 44 15 chez
3695 2758 42 14 tous
3759 2756 28 16 let

3279 2776 129 17 pharmaciens
3424 2775 19 16 la
3459 2776 89 15 véritable
3565 2776 92 16 POUDRE
3673 2776 112 17 MACLEAN.

3279 2795 88 18 préparée
3382 2798 46 14 pour
3442 2797 51 14 votre
3508 2798 56 15 usage
3578 2795 104 18 personnel.
3697 2796 57 16 Donc,
3769 2796 17 15 si

3280 2818 44 12 vous
3335 2814 80 16 souffrez
3427 2815 44 15 d'un
3482 2815 52 15 excès
3546 2815 92 17 d'acidité,
3651 2814 134 19 d'aérophagie.

3279 2835 21 12 •'■*
3317 2834 85 15 douleurs
3417 2834 54 16 après
3487 2838 25 11 .rs
3527 2837 59 15 repas,
3602 2837 45 12 vous
3662 2837 68 14 pouvez
3747 2835 38 15 être

3279 2854 50 15 a.us.1
3341 2853 43 16 bien
3396 2853 74 18 soulagé
3482 2857 35 14 que
3529 2853 48 16 dans
3589 2853 26 16 les
3628 2854 92 15 meilleurs
3732 2854 44 18 hôpi-

3279 2874 50 14 taux.
3343 2873 26 15 Ne
3382 2873 65 16 perdez
3460 2876 34 15 pas
3506 2873 22 16 de
3542 2875 56 14 tenu*
3619 2876 73 14 tssajez
3706 2873 32 15 dès
3751 2876 24 13 au-

3278 2892 93 17 jourd'hui
3383 2892 20 16 la
3414 2892 88 16 véritable
3515 2893 92 17 P.OUDRE
3619 2893 107 15 MACLEAN
3738 2896 47 13 pour

3279 2911 102 16 l'Estomac.

3299 2931 24 15 Le
3335 2931 46 17 pellt
3394 2930 67 18 flacon.
3474 2931 20 15 10
3506 2931 35 16 frs;
3554 2931 17 15 le
3583 2931 59 18 grand
3653 2931 63 16 flacon
3732 2931 54 18 (dou-

3278 2950 29 15 bis
3323 2950 99 18 caoacité),
3441 2951 19 14 17
3467 2951 19 14 50
3503 2950 34 15 frs.

3298 2970 20 15 St
3343 2972 44 13 vous
3411 2972 24 13 ne
3460 2972 74 13 trouvez
3558 2972 35 16 pas
3617 2973 18 12 .s
3661 2970 14 15 P
3681 2970 16 16 O
3704 2970 16 16 D
3725 2971 17 15 D
3748 2971 17 15 R
3770 2971 15 15 E

3278 2989 143 15 MACLEAN
3435 2989 44 15 chez
3493 2991 51 13 voire
3558 2989 124 17 pharmacien,
3696 2989 70 16 écrivez
3772 2989 12 16 à

3279 3008 82 16 i'A-cnce
3381 3008 55 17 Beige
3456 3008 22 16 de
3499 3009 85 15 Produits
3604 3009 179 18 Pharmaceutiques.

3279 3027 25 15 18.
3320 3030 32 12 rue
3367 3027 91 17 Alphonse
3474 3028 79 16 Renard.
3570 3028 98 16 Bruxelles.
3688 3029 96 15 C21/D35S3

3278 3060 54 57 On
3352 3072 133 44 sauve
3504 3062 25 54 à
3549 3060 113 57 Gand
3677 3060 110 57 deux

3328 3134 169 57 enfants
3521 3135 213 68 grippés...

3376 3209 65 23 grâce
3456 3210 15 20 à
3486 3210 23 19 la
3526 3210 99 20 nouvelle

3376 3233 103 20 méthode
3494 3234 96 20 externe.

3301 3289 113 19 Monsieur
3429 3289 83 20 Robert
3527 3290 145 22 Schaumont.
3687 3290 32 23 20.
3734 3290 52 25 quai

3277 3313 30 19 du
3320 3314 105 22 Ramage,
3438 3313 15 19 à
3467 3314 73 21 Gand.
3553 3318 56 15 nous
3622 3315 56 19 écrit
3694 3319 6 15 :
3717 3323 9 8 ■
3741 3315 45 19 J'ai

3277 3336 102 24 appliqué
3399 3337 20 20 le
3439 3338 57 23 petit
3516 3337 137 21 échantillon
3671 3339 28 19 de
3719 3338 67 20 Vicks

3277 3361 111 22 VapoRub
3399 3361 13 20 à
3424 3361 58 20 deux
3493 3362 26 19 de
3531 3366 47 15 mes
3589 3362 93 20 enfants
3692 3362 95 22 atteint»

3276 3385 53 19 d'un
3342 3386 46 18 fort
3399 3386 79 19 rhume
3489 3387 25 18 et
3525 3390 29 15 en
3565 3386 85 23 danger
3662 3386 27 20 de
3702 3386 84 24 grippe.

3277 3409 28 19 Le
3324 3408 94 21 résultat
3437 3410 37 19 fut
3493 3410 103 20 d'autant
3615 3410 51 24 plus
3683 3410 89 20 satisfai-

3276 3433 52 19 sant
3340 3433 68 23 qu'un
3420 3433 28 20 de
3460 3438 48 16 mes
3521 3434 67 22 petits
3600 3434 106 20 souffrait
3719 3435 66 20 d'une

3276 3455 94 22 entérite
3387 3458 25 19 et
3429 3458 65 22 qu'on
3512 3458 81 20 n'osait
3610 3458 50 23 plus
3676 3458 33 19 lui
3727 3458 45 20 don-

3277 3484 39 15 ner
3329 3480 39 20 des
3382 3481 165 22 médicaments.
3561 3482 61 20 Nous
3635 3486 96 18 sommes
3742 3487 30 16 en-

3276 3505 93 20 chantés
3381 3505 27 19 de
3419 3506 61 19 votre
3492 3505 94 21 remède.
3599 3514 9 8 .

3376 3534 81 21 Simple
3476 3534 141 23 application.

3375 3558 79 19 Action
3468 3559 84 19 double.

3300 3587 29 19 Le
3345 3587 51 21 soir,
3412 3588 70 19 avant
3497 3588 28 20 de
3541 3592 55 16 vous
3612 3589 100 23 coucher,
3728 3590 42 20 fric-

3276 3610 88 20 tionner
3378 3610 23 19 la
3417 3615 65 19 gorge
3496 3613 24 19 et
3535 3612 23 20 la
3572 3612 96 24 poitrine
3684 3618 53 16 avec
3752 3614 31 20 du

3276 3634 64 20 Vicks
3351 3635 118 23 VapoRub.
3481 3636 32 19 La
3523 3636 91 20 chaleur
3626 3637 30 21 du
3667 3642 65 19 corps
3742 3642 29 15 vo-

3275 3657 80 21 latilise
3370 3659 33 19 les
3418 3663 94 19 vapeurs
3528 3660 117 21 salutaires
3661 3661 51 24 qu'il
3728 3666 43 16 con-

3276 3682 56 20 tient
3341 3682 24 20 et
3375 3682 52 21 elles
3437 3685 51 18 sont
3499 3683 100 22 inhalées
3610 3684 100 24 pendant
3720 3685 62 21 toute

3275 3705 21 19 la
3309 3706 56 22 nuit,
3377 3706 123 23 dégageant
3511 3707 33 20 les
3554 3708 59 20 voies
3625 3709 157 23 respiratoires.

3275 3730 33 18 En
3322 3729 71 20 même
3408 3732 78 22 temps,
3500 3731 65 20 Vicks
3580 3733 112 22 VapoRub
3707 3734 47 23 agit
3767 3733 15 20 à

3275 3754 84 19 travers
3379 3754 21 19 la
3421 3759 58 19 peau
3498 3759 85 16 comme
3603 3759 31 16 un
3653 3757 45 20 bon
3717 3758 65 20 vieux

3274 3777 141 24 cataplasme.

3299 3801 90 19 Comme
3406 3806 25 15 ce
3448 3802 130 21 traitement
3595 3803 79 21 double
3690 3809 35 16 est
3742 3809 27 16 ex-

3274 3824 68 23 terne,
3356 3825 16 19 il
3387 3829 27 15 ne
3428 3827 53 22 peut
3495 3830 41 19 pas
3550 3826 66 24 gêner
3630 3828 23 19 la
3667 3829 114 23 digestion,

3274 3848 70 20 même
3361 3849 54 19 chez
3430 3849 33 19 les
3479 3849 49 24 plus
3543 3851 78 22 jeunes
3636 3853 99 20 enfants.
3752 3854 28 20 Se

3273 3872 69 19 servir
3359 3873 27 19 de
3405 3873 65 20 Vicks
3488 3874 111 23 VapoRub
3617 3875 40 20 dès
3674 3876 20 21 le
3713 3877 68 20 début

3273 3896 53 20 d'un
3338 3896 85 23 rhume,
3435 3897 54 20 c'est
3500 3897 108 25 l'enrayer
3620 3901 24 18 et
3656 3904 24 16 se
3694 3900 75 25 préser-

3273 3924 38 15 ver
3327 3920 38 20 des
3380 3920 166 23 complications
3562 3922 111 23 possibles.

3297 3944 62 20 Dans
3374 3944 72 19 toutes
3459 3945 33 20 les
3505 3945 145 24 pharmacies,
3666 3947 24 20 14
3704 3948 76 20 francs

3272 3967 20 20 le
3307 3968 47 24 pot;
3372 3967 20 20 le
3408 3967 77 21 double
3500 3969 45 23 pot,
3560 3970 24 19 21
3600 3970 82 22 francs.

3664 4107 117 20 (21/D1815

2813 4752 40 26 UN
2879 4753 141 28 INCENDIE
3043 4756 18 26 A
3085 4751 86 33 LIÈGE

2764 4818 69 24 Liège,
2850 4820 23 19 17
2885 4820 121 22 décembre.
3020 4832 26 4 —
3058 4822 122 21 Dimanche
3193 4824 49 22 soir,

2740 4846 31 15 un
2783 4842 100 21 incendie
2908 4845 52 19 s'est
2976 4844 86 22 déclaré
3079 4847 53 19 chez
3147 4848 95 22 Auguste

2739 4866 47 22 P...,
2801 4867 37 23 qui
2853 4867 95 23 exploite
2964 4873 31 15 un
3010 4874 120 16 commerce
3146 4871 27 20 de
3190 4875 41 15 con-

2740 4890 94 20 fections
2851 4891 116 24 ouvrières,
2989 4893 29 22 13,
3039 4898 39 16 rue
3100 4895 142 20 Souverains-

2739 4914 63 20 Pont.

2763 4938 41 19 Les
2820 4938 110 24 pompiers
2944 4940 73 23 requis
3044 4941 40 19 ont
3099 4946 30 19 pu
3145 4941 96 21 éteindre

2739 4966 61 15 assez
2815 4963 139 22 rapidement
2982 4964 20 19 le
3015 4964 38 20 feu
3067 4964 38 24 qui
3120 4966 61 20 avait
3196 4966 46 24 pris

2738 4986 115 19 naissance
2867 4986 57 20 dans
2953 4988 32 19 les
3000 4987 95 20 ateliers.
3107 4989 41 20 Les
3166 4989 76 24 dégâts

2737 5009 104 20 s'élèvent
2858 5008 15 21 à
2889 5010 108 23 plusieurs
3010 5011 91 21 milliers
3115 5013 28 20 de
3160 5014 82 20 francs.

3379 4143 31 30 Si
3432 4144 57 30 des
3509 4148 229 35 appartements

3500 4191 113 28 restent

3340 4243 438 40 NONLOUESDANS

3334 4311 187 37 VOTRE
3555 4314 218 37 MAISON

3334 4383 91 34 c'est,
3453 4387 228 34 assurément,
3709 4394 68 31 que

3333 4435 75 22 vous
3423 4436 74 21 avez
3512 4428 121 40 négligé
3648 4429 40 30 de
3701 4429 75 31 faire

3335 4473 127 34 paraître
3485 4471 148 39 quelques
3657 4480 101 23 annon-

3333 4522 56 21 ces
3409 4514 78 29 dans

3332 4560 56 54 La
3404 4561 210 59 Dernière
3629 4562 143 56 Heure

3398 4645 76 21 sous
3496 4636 26 30 la
3544 4637 139 39 rubrique
3697 4647 6 21 :

3438 4699 250 22 APPAPXSMENTS

3473 4720 161 24 OFFET"

3330 4934 200 32 REPAREZ
3542 4936 229 33 VIVEMENT

3426 4981 86 31 CET
3534 4983 134 32 OUBLI

2736 5060 39 83 (

2778 5090 292 32 ARTHRITIQUES
3101 5104 13 8 -

2937 5152 53 21 aux
3015 5153 83 26 repas

3150 5090 209 30 GOUTTEUX
3391 5105 13 8 -
3439 5089 258 37 DIABÉTIQUES

2816 5200 717 69 VICHY-CELESTINS

2981 5279 122 33 ÉLIMINE
3122 5285 116 28 L'ACIDE
3260 5287 109 32 URIQUE

2776 5333 108 25 EXIGEZ
2900 5341 43 17 tur
2958 5335 24 23 le
2997 5335 91 28 goulot
3106 5337 34 22 de
3159 5337 25 23 la
3204 5339 120 22 bouteille
3342 5339 24 23 la
3382 5340 90 28 disque
3490 5340 60 24 bleu
3567 5346 10 18 :

3600 5307 113 58 £rlfè
