3991 5798
78 1 35 47 T

159 269 74 48 101*
249 262 111 44 année
388 276 41 8 —
461 260 111 43 Mardi
598 260 44 41 19
664 259 71 43 mai
754 258 106 42 1931.

1683 251 43 42 Le
1748 251 150 41 numéro
1917 264 11 25 :
1950 250 44 37 30
2015 250 175 39 centimes

2778 236 115 45 Mardi
2913 236 47 44 19
2974 236 73 43 mai
3074 235 105 46 1931.
3207 255 44 9 -
3272 234 142 42 NM39.
3434 254 44 10 -
3499 234 89 46 Edit.
3618 236 47 47 *

160 357 512 34 j.iiiiiiiiiiiiiiiiiiiiii.'iiiiiiiiiiiHiiiiiiiiiiii.u:.

196 406 50 65 V
256 403 373 75 Indépendance
654 403 20 77 |

296 498 231 91 Radio

156 604 20 69 |
193 622 57 34 est
267 621 125 41 Jointe

155 672 21 59 i
222 679 388 65 GRATUITEMENT
655 676 22 67 I

158 770 17 66 I
188 792 40 36 an
247 780 139 46 numéro
402 779 41 45 liu
463 775 179 48 dimanche
659 774 17 66 |

158 848 519 35 gliililUIllllllllllllillllilliiiiliimiilliillilliB

1043 679 110 19 SORIAOl
1173 678 26 18 rr
1219 674 132 21 rïda-etion

843 709 132 20 BRUXELLES
996 709 22 19 n.
1032 713 29 13 -m
1074 709 26 15 le.
1116 708 58 18 SaUto
1189 714 14 6 -
1217 706 40 18 Adl.
1270 704 53 23 Még
1343 704 210 19 IMlM-Intillit

1127 731 146 20 TÉLÉPHONES

830 768 101 20 17.20.73
996 764 103 23 17.20.7.»
1163 763 105 20 17.20.7B
1325 762 104 20 17.S6.S3
1483 760 101 22 17.73.1»

992 796 78 21 Compt.
1085 797 81 20 .béqutj
1182 797 80 18 po.tsui
1278 795 21 14 1'
1315 792 72 19 232.38

858 831 65 20 PARU
952 832 117 19 Hbo-utineal
1082 834 14 14 rt
1109 830 85 17 PuJjUdté
1205 837 6 12 i
1222 830 25 19 Si.
1260 833 28 14 rai
1301 829 30 17 4»
1344 827 141 22 H-sOt^ClUflapi
1500 829 36 19 (I-)

1063 854 97 21 rélêpiaooj
1172 862 7 11 •
1189 852 70 20 Central
1272 852 57 19 13-94

2428 376 757 217 ANGE

2616 668 56 16 PRIX
2692 666 43 17 DBS
2755 666 168 17 ABONNEMENTS
2953 679 6 5 .

2392 699 92 17 ftelalaut
2495 702 5 12 i
2556 696 11 18 9
2579 696 44 17 moi»
2645 696 12 16 2
2665 696 12 16 6
2693 696 20 17 ft.
2757 694 10 18 8
2779 695 45 16 moi»
2845 694 14 17 6
2864 694 16 17 0
2894 695 24 17 tr.
2964 693 16 17 lî
2994 694 45 16 moi»
3080 693 13 16 fl
3101 693 10 16 6
3128 695 19 16 S.

2391 721 64 20 Cens«
2467 719 58 20 Bslfi*
2535 724 6 9 >
2554 717 10 17 3
2576 716 51 20 mois.
2642 716 14 17 4
2662 716 15 17 O
2691 715 23 19 lr.
2758 715 10 17 I
2780 715 45 18 moi*
2847 716 12 14 7
2866 715 13 15 B
2895 714 14 17 fr
2964 713 18 18 I?
2995 714 44 17 mol»
3063 717 6 12 i
3082 715 11 14 *
3101 713 13 18 0
3130 712 20 19 ir.

2539 746 74 16 Francs
2624 747 20 15 «t
2656 744 143 17 Grand-Duché
2812 744 25 16 d*
2848 742 140 21 Luxembourg
3000 749 6 11 ■

2479 769 10 16 3
2501 768 46 16 mots
2568 766 69 20 SB.fr.
2680 765 11 18 #
2703 765 49 17 moi*.
2765 765 15 16 6
2786 764 14 17 6
2814 763 24 19 h.
2884 764 18 16 Vi
2914 763 47 17 mois
2982 763 53 17 136
3050 764 14 16 b

2638 794 25 17 Au
2666 796 33 14 iro
2713 797 43 16 pay»
2775 796 38 16 po"
2827 797 20 12 m
2860 792 47 20 plua.

2414 823 47 20 Pottr
2473 823 56 20 Paris,
2541 826 22 15 oa
2575 822 85 18 «*iboo«
2671 822 45 17 dans
2728 823 25 15 les
2765 823 76 15 oureaiu
2852 819 22 18 dt
2885 821 51 18 postt
2948 821 16 16 tt
2976 821 10 16 I
2997 821 49 15 eotn
3057 821 66 16 Menai

2458 844 28 20 35.
2498 847 30 14 me
2539 844 30 17 des
2582 841 141 22 *P«etft*-Chan)ps
2732 842 38 20 (1~)
2781 849 17 5 -
2810 839 73 22 Télrph.
2895 847 5 11 :
2911 839 80 19 Central*
2998 839 61 18 119
3065 839 14 17 4

3314 372 51 67 La
3409 371 351 79 Radiotechnique

3296 504 5 5 .
3338 478 36 32 LA
3393 477 87 32 SERIE
3499 476 236 33 INCOMPARABLE

3306 539 236 41 Dario-
3565 537 200 44 T.S.F.

3304 614 21 17 R.
3336 614 19 17 »
3368 612 184 19 UNIVERSELLE.

3304 646 21 17 R.
3337 646 19 17 n
3367 644 82 18 SUPER
3468 644 163 20 OETECTRICS.

3303 678 15 17 R
3337 678 18 17 77
3368 677 76 18 SASSE
3466 676 156 20 FREQUENCE.

3303 711 16 16 R
3337 711 18 16 7S
3367 709 59 18 MOY.
3445 709 29 18 ET
3493 709 76 17 SASSE
3588 708 158 21 FREQUENCE.

3303 743 22 17 R.
3338 743 16 17 I!
3368 742 134 17 TRIGRH.LE
3520 740 75 18 SASSE
3613 740 71 22 FREQ.

3304 776 14 16 R
3337 777 17 15 11
3368 774 85 18 HAUTE
3469 774 71 20 FREQ.
3555 775 13 15 A
3588 773 89 18 ECRAN.

162 978 635 115 L'Intégrité
866 982 133 89 du
1080 968 613 99 Territoire

200 1114 93 67 et
334 1110 73 71 la
458 1102 383 79 Défense
886 1108 159 67 des
1088 1096 559 89 Populations

189 1246 104 45 .•;'..
347 1246 60 38 Le
440 1245 100 45 plan
571 1232 132 57 qu'on
738 1241 151 38 inscrit
918 1248 77 30 sur
1026 1238 230 49 le/terrain
1289 1247 10 33 ;
1332 1234 173 42 retraite
1555 1258 5 20 ;
1609 1241 6 5 '
1670 1237 23 43 V

171 1352 3 4 ■
173 1344 7 5 J
184 1340 165 27 C6niment]es
366 1344 93 21 soldats'
469 1343 27 20 de
513 1342 85 20 service
615 1345 28 16 au

155 1375 67 23 Palais
236 1373 30 22 "de
273 1376 33 21 Ma
323 1374 78 21 Nation
420 1373 82 21 durant
517 1371 33 22 lea
568 1371 77 21 débats

155 1414 36 18 sur
211 1409 34 21 les
266 1409 84 20 crédits
371 1408 115 20 militaires
508 1406 80 20 ont-ils
609 1406 34 19 in-

156 1441 58 27 prétc
225 1441 34 20 Ma
283 1440 126 20 discussion
434 1439 26 20 de
484 1438 21 20 la
545 1436 98 21 semaine

156 1471 96 24 dernière
275 1471 11 20 ?

181 1511 62 21 C'est
257 1510 51 21 bien
323 1510 88 25 simple,
426 1508 56 21 voici
503 1512 5 16 :
523 1512 28 15 on
567 1511 27 17 va
609 1507 21 20 te-

153 1542 29 22 nir
193 1561 5 4 .
208 1541 108 26 quelques
342 1539 81 21 heures
449 1540 13 19 k
486 1541 21 17 ia
538 1531 105 28 frontière

156 1575 105 27 quelques
271 1575 79 24 -Jours
374 1577 41 17 sur
438 1572 20 20 la
482 1570 86 25 Meuse,
592 1571 51 25 puis

157 1607 53 23 flier-
216 1605 98 23 derrière
328 1604 100 22 l'Escaut
442 1603 98 27 pendant
552 1607 44 22 que
609 1602 34 21 ies

155 1637 124 22 Allemands
302 1641 56 16 sans
383 1637 52 25 plus
457 1635 122 25 s'occuper
603 1634 28 21 de
632 1638 12 16 s

153 1668 73 26 Belges
240 1667 129 22 envahiront
385 1667 20 21 1a
419 1666 88 21 France.

180 1712 33 5 —
226 1701 27 21 Et
267 1701 67 26 après
348 1705 33 21 ça,
395 1703 69 24 jeune
476 1698 78 26 jass?

158 1748 10 6 ..
181 1743 32 5 —
227 1732 71 26 Après
313 1737 34 20 ça,
360 1733 20 20 si
396 1733 21 19 la
433 1731 83 20 France
532 1732 34 19 est
582 1730 49 20 vain-

151 1769 44 20 cue;
205 1766 17 22 .--*
231 1764 77 20 BoMtis
343 1764 22 19 eL
400 1762 18 22 Ui
457 1760 185 27 parade-marche

156 1797 57 28 pour'
224 1796 66 22 noué.

177 1834 41 23 'Ah
218 1840 5 11 1
241 1835 7 20 1
267 1839 44 22 que
331 1835 45 20 l'on
385 1853 3 3 .
399 1834 121 25 comprend
540 1832 105 21 l'anxiété

156 1873 51 16 avec
229 1867 99 25 laquelle
354 1867 33 19 les
413 1865 99 28 députés
538 1864 108 22 libéraux,

156 1896 72 27 Pater,
246 1897 87 21 Devèze
353 1899 22 19 el
394 1897 98 20 Bovesse
509 1906 33 4 —
559 1894 87 21 Devèze

156 1931 91 22 l'ancien
271 1929 110 26 capitaine
404 1932 44 17 aux
472 1928 106 20 mortiers
617 1927 29 20 de

157 1962 104 23 tranchée
274 1962 23 21 et
310 1960 106 24 Bovesse,
428 1961 22 19 le
462 1960 49 25 jass
525 1959 81 20 décoré
619 1958 27 20 de

156 1994 84 22 l'Ordre
255 1994 27 21 de
297 1992 99 26 Léopold
410 1995 57 23 pour
480 1991 111 20 bravoure
606 1994 27 16 ex-

152 2023 142 28 ceptionnelle
310 2032 25 5 —
352 2021 154 22 demandaient
520 2025 29 16 au
566 2020 65 21 minis-

153 2059 31 20 tre
202 2055 68 23 delà
289 2055 84 21 Guerre
392 2055 67 25 qu'on
479 2053 95 22 défende
593 2057 53 16 avec

157 2090 159 22 acharnement
341 2090 34 19 les
400 2088 112 27 positions
554 2087 27 20 de
623 2086 23 20 la

156 2121 107 22 frontière
273 2138 5 4 .
284 2121 7 20 I

186 2160 32 21 On
237 2160 124 25 comprend
381 2159 60 20 celte
461 2156 89 22 anxiété
570 2155 76 27 quand

157 2198 26 16 on
193 2186 65 27 'voit'
276 2190 121 22 demander
421 2194 58 22 pour
502 2188 59 21 deux
586 2188 60 20 forts

157 2228 22 20 et
194 2223 63 25 jîeux
279 2222 81 21 fortins
381 2222 13 20 à.
415 2221 132 20 construire-
564 2219 83 21 devant

158 2253 67 27 «Pan'd,
242 2255 28 21 de
290 2255 63 21 toute
372 2257 106 21 urgence,
496 2256 44 16 une
561 2254 86 18 somme

160 2289 25 20 de
208 2289 55 21 cent
287 2285 143 25 trente-cinq
454 2284 107 23 millions,
587 2283 61 20 alors

158 2319 64 25 qu'on
242 2318 77 20 évalue
338 2316 14 21 à
368 2317 65 25 peine
452 2315 14 21 à
485 2315 21 20 la
524 2314 76 21 moilié
620 2314 27 20 de

158 2356 24 16 ce
201 2347 80 26 crédit,'
297 2349 22 21 la
333 2352 90 17 somme
443 2347 128 20 nécessaire
592 2350 57 21 pour

159 2383 77 21 mettre
251 2386 27 15 en
293 2380 48 21 état
355 2380 27 20 de
397 2379 95 22 défense
506 2378 34 20 les
556 2377 43 20 150
614 2377 21 19 ki-

158 2413 104 22 lomètres
282 2413 27 20 dé
330 2412 21 20 la
371 2410 108 21 frontière
500 2409 119 21 orientale.

188 2451 31 21 On
236 2451 122 25 comprend
374 2451 60 19 cetle
451 2449 105 25 angoisse
573 2447 75 26 quand

152 2489 34 16 .on
198 2487 36 16 -se
258 2482 56 21 rend
338 2483 91 24 compte
453 2485 45 21 que
521 2480 114 20 l'état-ma-

160 2516 34 25 jor
206 2518 22 18 et
243 2515 20 20 le
278 2513 117 20 Ministère
411 2513 28 20 de
453 2513 23 20 la
489 2511 98 20 Défense
603 2510 32 20 Na-

161 2547 77 20 tionale
262 2546 106 19 viennent
391 2543 106 21 affirmer
519 2542 54 26 qu'il
613 2542 37 20 est

161 2578 57 21 aussi
238 2578 108 27 pressant
367 2577 27 20 de
416 2576 79 20 barrer
513 2574 36 21 les
570 2575 79 20 routes

160 2609 23 21 de
196 2608 23 22 la
232 2606 94 21 Flandre
344 2606 108 20 maritime
468 2609 43 21 que
529 2604 67 21 celtes
613 2604 37 25 qui

164 2641 128 21 conduisent
314 2645 28 16 au
366 2639 68 21 nœud
474 2638 109 26 principal
622 2637 29 21 de

165 2672 68 22 toutes
248 2673 35 20 les
299 2671 200 22 communications
516 2670 27 20 de
559 2670 23 20 la
599 2668 38 21 Bel-

168 2705 64 26 gique,
249 2703 145 22 c'est-à-dire
411 2702 14 21 à
441 2702 66 25 Li-ége
530 2701 6 20 !
553 2700 27 22 Et
597 2699 54 28 qu'il

171 2737 39 20 laut
225 2736 48 21 des.
284 2735 83 21 crédits
385 2733 60 22 deux
463 2733 46 23 fois
526 2733 51 26 plus
586 2737 52 16 -con-

172 2767 108 21 sidérables
301 2770 58 22 pour
380 2770 39 16 ces
441 2763 130 22 travaux-là
607 2768 44 21 que

172 2803 45 22 pour
229 2803 39 17 ces
283 2798 141 30 travaux-ci^
432 2797 7 20 1

195 2836 29 27 Ça
236 2840 54 22 veut
304 2837 63 23 aller,
382 2836 83 23 dit-on,
479 2833 99 22 derrière
592 2833 58 21 l'Es-

160 2868 56 22 ■fâttE
233 2873 57 22 pour
313 2867 104 22 attendre
439 2867 35 20 les
497 2865 99 26 Angl*i3.
620 2864 31 21 M.

141 2897 4 17 :
149 2895 140 26 '^e'ûderson
308 2905 14 15 a
341 2899 125 27 cependant
485 2899 43 19 fait
546 2902 44 17 une
610 2897 40 20 dé-

149 2940 5 5 •
158 2929 111 22 -ç-lwaUon.
292 2932 173 20 suffisamment
506 2928 150 25 câtégorique-

140 2962 5 10 ;
161 2960 69 23 à-cet
249 2961 75 25 ég^rd.
343 2961 197 24 L'irUei*prétat:pn
558 2960 25 24 la.
599 2958 54 26 plus

161 2992 117 21 favorable
301 2996 42 21 que
366 2992 45 20 l'on
434 2992 76 25 puisse
533 2990 86 20 donner
640 2989 14 20 à

159 3028 39 16 ses
217 3024 91 26 paroles
326 3028 28 15 ne
372 3023 90 29 permet
481 3027 39 21 pas
539 3021 116 25 d'espérer

161 3055 48 23 voir
231 3053 129 27 débarquer
381 3055 21 19 le
424 3054 101 21 moindre
547 3052 107 20 bataillon

161 3087 96 25 anglais'
268 3087 69 19 avant
356 3090 44 21 que
421 3087 51 19 tous
491 3085 35 20 les
546 3084 107 20 docteurs

161 3116 159 27 ès-pacifisme
343 3117 27 21 de
392 3116 101 21 Locarno
515 3117 23 20 et
558 3116 28 20 de
623 3115 30 19 La

160 3149 61 25 Haye
244 3150 62 21 aient
332 3147 94 23 terminé
448 3148 63 20 leurs
536 3145 105 22 consulta-

157 3180 58 20 tions
237 3184 43 16 sur
298 3179 33 20 les
353 3179 106 24 origines,
474 3177 30 21 du
527 3177 80 20 conflit
630 3177 21 20 et

162 3214 73 20 soient
250 3212 85 21 arrivés
350 3212 14 20 à
379 3217 24 15 se
419 3212 83 19 mettre
518 3211 106 20 d'accord
640 3209 13 21 à

160 3244 138 21 l'unanimité
320 3248 42 16 sur
399 3244 23 19 Je
461 3242 137 21 bien-fondé
621 3241 31 20 du

161 3277 59 21 droit
238 3277 31 20 du
290 3275 182 21 Gouvernement
492 3274 66 25 belge
577 3273 14 21 à
612 3273 40 20 des

160 3312 94 16 secours
277 3307 124 20 militaire?.

190 3346 81 21 Sii'on
286 3347 54 19 veut
350 3350 27 15 se
389 3346 69 19 livrer
470 3345 14 19 à
497 3348 43 16 une
555 3343 99 26 enquête

162 3383 26 15 en
209 3376 222 26 Grande-Bretagne,
451 3375 83 26 auprès
555 3375 40 20 des
615 3379 25 15 re-

162 3409 142 26 présentants
328 3409 31 20 du
382 3409 58 25 parti
462 3408 38 25 qui
523 3407 87 21 détient
632 3405 21 21 le

162 3441 93 26 pouvoir
273 3441 26 20 et
320 3440 29 20 du
371 3440 57 26 parti
466 3439 27 20 de
531 3437 30 22 M.
583 3437 71 26 Lloyd

163 3468 138 33 Georje'qui
315 3472 101 20 soutient
433 3476 25 15 ce
475 3470 179 25 gouvernement

162 3508 55 21 pour
226 3518 5 6 .
240 3504 59 25 qu'il,
316 3507 28 16 ne
368 3502 75 21 tombe
466 3506 41 22 pas
530 3501 12 20 à
565 3501 88 25 chaque

162 3537 58 22 ■vote,
242 3540 28 15 on
292 3539 84 21 pourra
395 3539 26 15 se
443 3533 82 21 rendre
564 3533 89 25 compte

163 3571 41 21 que
220 3567 22 21 le
258 3564 60 23 désir
331 3566 22 20 Je
369 3566 51 26 plus
436 3565 80 21 ardent
532 3564 40 20 des
588 3564 53 20 hom-

162 3602 47 17 mes
230 3597 121 27 politiques
373 3597 110 25 auxquels
505 3596 148 25 l'Angleterre

163 3634 13 15 a
187 3629 76 23 confié
277 3634 38 16 ses
329 3628 113 21 destinées
457 3628 57 20 c'est
529 3627 27 20 de
571 3632 27 16 ne
614 3631 40 22 pas

164 3661 121 20 Intervenir
306 3665 27 17 en
356 3664 38 16 cas
417 3661 27 19 de
467 3664 81 20 guerre
572 3663 40 16 sur
632 3659 22 20 Je

164 3693 122 20 continent.

194 3730 29 22 Ce
235 3731 124 20 sentiment
375 3732 35 18 est
425 3734 74 16 connu
515 3734 27 15 en
556 3728 87 21 Allema-

164 3767 42 21 gne
221 3765 21 18 et
257 3766 13 16 a
283 3762 118 20 contribué
416 3762 55 20 dans
487 3766 43 15 une
546 3762 108 18 immense

165 3798 88 16 mesure
274 3794 12 20 à
306 3794 137 24 développer
449 3792 101 26 M'esprit
570 3793 27 20 de
618 3796 24 15 re-

165 3825 92 23 vanche,
271 3826 55 19 ainsi
339 3829 43 21 que
394 3825 34 20 les
442 3824 109 21 élections
565 3824 38 25 qui
617 3824 40 20 ont

165 3861 28 16 eu
215 3857 46 20 lieu
284 3856 117 20 dimanche
426 3856 90 20 dernier
539 3859 58 21 pour
634 3855 22 19 la

165 3887 64 21 Diète
253 3887 160 24 d'Odenbourg
437 3888 107 19 viennent
572 3890 83 16 encore

166 3919 50 21 d'en
236 3918 87 22 Tournir
342 3922 43 15 une
405 3922 82 21 preuve
506 3917 119 21 éclatante.

196 3957 24 19 Si
238 3957 35 20 les
292 3955 129 20 Allemands
440 3954 92 24 veulent
551 3956 75 20 courir
644 3955 13 21 à

167 3989 28 20 la-
204 3992 90 21 guerre,
312 3991 24 16 ce
352 3986 60 20 n'est
428 3990 39 22 pas
484 3987 64 19 notre
564 3987 81 25 profon-

168 4019 28 21 de
212 4017 91 23 volonté
319 4018 27 20 de
363 4018 52 26 paix
431 4018 38 25 qui
485 4018 34 19 les
537 4022 27 16 en
582 4018 64 25 empê

170 4050 75 24 chera,
265 4050 18 20 si
302 4049 13 20 à
333 4049 50 21 côté
403 4049 27 22 de
451 4049 90 20 celle-ci
560 4051 23 20 et
602 4053 57 22 pour

171 4082 74 19 mieux
262 4081 99 25 l'étayer,
380 4081 95 20 n'existe
493 4081 23 19 la
533 4079 125 21 résolution

171 4112 107 26 opiniâtre
300 4113 27 20 de
348 4117 27 17 ne
398 4113 65 26 point
498 4116 59 16 nous
578 4111 83 21 laisser

170 4144 56 20 faire
247 4145 24 21 et
291 4144 27 21 de
339 4149 58 16 nous
418 4144 91 28 joindre
531 4143 28 21 de
583 4144 76 20 toutes

169 4180 40 16 nos
227 4175 75 21 forces
320 4180 43 16 aux
380 4176 127 25 pacifiques
524 4174 88 21 armées
632 4174 26 21 de

168 4211 41 17 noe
225 4197 64 32 ami*
298 4208 25 20 et
338 4207 71 21 alliés.

197 4245 128 26 L'exemple
346 4247 27 21 de
396 4245 57 20 1914
476 4245 117 21 démontre
615 4249 44 22 que

168 4277 72 21 même
263 4277 102 25 lorsqu'il
389 4277 71 20 existe
483 4277 41 21 des
563 4277 96 21 accords

169 4309 93 20 formels
281 4313 55 16 avec
354 4307 149 27 l'Angleterre
523 4317 33 6 —
574 4313 26 16 ce
620 4308 39 26 qui

168 4336 127 29 n'eât.-plus
313 4341 20 20 le
352 4344 38 16 cas
407 4349 32 5 —
447 4340 20 20 le
478 4339 183 21 Gouvernement

168 4370 140 26 britannique
326 4373 46 20 met
390 4376 29 16 un
438 4373 73 23 temps
528 4369 118 23 considéra

168 4402 36 22 ble
218 4410 6 7 T
227 4401 14 22 à
263 4407 98 21 envoyer
379 4408 40 16 ses
444 4404 92 25 troupes
558 4404 25 20 et
605 4403 55 25 qu'il

169 4434 101 21 n'envoie
291 4438 49 21 (pas,
364 4439 39 21 par
424 4434 108 23 surcroît,
556 4439 25 16 ce
606 4434 54 26 qu'il

168 4463 77 23 a'éfcaii
259 4465 85 25 engagé
358 4466 13 19 à
384 4465 106 26 expédier
504 4465 13 20 à
529 4470 40 16 ses
583 4465 73 21 Alliés.

170 4495 120 22 L'Entente
311 4496 99 22 Cordiale
428 4498 60 19 avaH
506 4497 36 21 été
560 4497 87 26 complé-

171 4528 34 21 tée
225 4532 40 22 par
284 4532 30 15 un
334 4529 81 20 accord
434 4529 63 20 entre
518 4529 34 20 les
573 4529 83 20 états--

171 4557 84 27 majôrs
278 4559 99 23 français
400 4561 22 19 et
444 4560 94 24 anglais.
561 4559 18 22 Il
601 4560 60 20 avait

171 4590 34 20 été
220 4594 103 16 convenu
337 4589 65 25 qu'en
417 4595 37 16 cas
469 4592 27 19 de
510 4595 82 21 guerre
607 4596 40 21 pro-

172 4622 84 25 voquée
279 4626 41 22 par
341 4620 144 26 l'Allemagne
509 4624 22 18 et
569 4623 92 20 celle-ci

170 4652 84 22 violant
276 4653 22 20 la
315 4652 119 20 neutralité
451 4653 27 20 de
501 4654 21 19 la
545 4653 107 27 Belgique

171 4682 148 28 l'Angleterre
342 4684 112 22 enverrait
474 4690 27 15 en
524 4684 84 22 France
630 4689 30 16 un

173 4719 74 22 corps-
254 4715 191 25 expéditionnaire
460 4715 28 20 de
505 4716 33 20 six
554 4716 107 21 divisions

173 4749 22 19 et
212 4750 47 20 une;
273 4747 95 21 division
388 4745 27 21 de
435 4747 115 20 cavalerie.

203 4784 31 21 Or
250 4786 20 19 le
289 4784 181 21 Gouvernement
502 4784 26 20 de
562 4786 99 20 Londres

173 4816 114 25 n'envoya,
312 4821 55 16 avec
392 4816 21 20 le
439 4815 54 25 long
517 4817 75 21 retard
617 4822 44 21 que

171 4844 45 22 l'on
232 4847 96 24 connaît,
346 4850 44 22 que
406 4846 80 25 quatre
503 4845 107 22 divisions
626 4847 38 25 qut

174 4879 84 25 prirent
281 4880 57 25 part,
361 4880 26 20 le'
406 4878 54 26 long
482 4878 29 21 du
535 4880 61 19 canal
635 4880 27 20 de

159 4915 3 4 ■
173 4908 72 26 Mons,
260 4910 13 21 à
288 4912 21 19 la
324 4911 90 20 bataille
431 4911 40 20 des
479 4909 137 23 .frontières.

204 4941 29 23 Ce
253 4942 37 20 fut
306 4942 63 21 4'une
388 4942 41 20 des
448 4941 116 24 multiples
583 4946 80 16 causes

173 4971 28 23 4e
212 4973 23 21 4a
249 4973 84 21 défaite
348 4973 30 20 du
392 4973 28 20 22
435 4972 62 20 août.

204 5010 47 22 Une
268 5012 64 20 autre
349 5012 74 20 raison
440 5011 52 26 plus
510 5009 154 22 considérable

176 5041 25 21 de
221 5047 25 16 ce
264 5042 102 21 désastre
385 5042 75 23 c'était
479 5041 137 26 l'ignorance
636 5041 29 20 où

174 5077 26 16 se
220 5073 98 21 trouvait
338 5074 20 20 le
378 5073 57 22 haut
471 5072 194 22 commandement

176 5103 96 26 français
294 5105 28 21 de
345 5105 155 26 l'importance
524 5104 41 21 des
589 5103 76 21 forces

176 5134 135 22 allemandes
332 5137 38 24 qui
380 5136 149 20 effectuaient
541 5136 50 21 leur
600 5139 53 16 mou-

177 5168 87 20 vement
287 5167 14 20 à
326 5169 86 19 travers
437 5168 21 20 la
482 5167 116 26 Belgique.
624 5166 42 20 Les

177 5199 191 24 renseignements
388 5203 41 16 sur
445 5199 35 20 les
501 5199 104 21 effectifs
625 5202 40 16 en-

162 5241 4 4 •
178 5230 69 20 nemis
268 5230 38 25 qui
327 5230 134 25 occupaient
480 5231 24 19 la
524 5231 47 19 rive
593 5229 72 21 droite

178 5258 29 22 de'
220 5260 22 20 la
258 5259 78 22 Meuse
355 5261 56 20 ainsi
428 5265 43 21 que
490 5265 40 16 suf
549 5265 32 16 ies
599 5265 67 21 co-ps

174 5289 85 28 faisant
282 5292 72 25 partie
378 5292 28 21 de
430 5292 58 21 l'aile
512 5292 73 21 droite
609 5292 57 20 aMe-

162 5335 5 8 ,
179 5320 78 23 iàande
281 5322 143 21 commandée
448 5327 40 22 par
512 5327 41 16 von
594 5322 73 21 Klu^k

161 5373 3 3 .
180 5350 80 25 étalent
277 5355 140 19 notamment,
434 5354 40 20 des
492 5355 50 25 plus
559 5354 107 21 -iommai-

179 5385 43 19 ree.
237 5380 69 25 L'une
323 5385 40 20 des
378 5385 87 20 raisons
482 5386 27 20 de
525 5385 59 23 rcltt
601 5386 52 25 igno-

180 5416 64 19 rance
265 5415 90 22 funeste
376 5415 58 25 était,
449 5416 44 21 duo
513 5421 28 15 au
563 5417 40 20 fait
622 5421 44 21 que

180 5443 43 22 l'on
240 5446 82 21 n'avait
340 5451 40 22 pas
398 5448 82 24 poussé
498 5448 27 20 de
544 5450 124 24 vigoureux

182 5479 67 23 coups
269 5477 27 21 de
316 5478 72 20 sonde
408 5478 13 20 à
441 5480 86 18 travers
547 5479 22 20 ie
590 5479 77 20 rideau

182 5505 25 22 de
225 5509 107 20 cavalerie
350 5508 120 23 allemand,
479 5514 57 21 pour
554 5509 114 22 identifier

183 5535 30 24 les
233 5539 74 21 unités
329 5541 38 24 qui
401 5544 26 16 se
466 5541 126 23 trouvaien;
611 5542 57 20 ainsi

183 5565 137 26 dissimulées
339 5573 23 20 et
395 5571 126 26 protégées.
541 5571 126 28 Rappc:cr.s

678 1345 44 21 que
736 1340 20 20 le
771 1338 65 22 lime
850 1337 103 27 Dragons
968 1338 112 21 ail^mand
1095 1345 10 9 «
1117 1341 43 17 cou-

679 1372 58 20 vrait
760 1379 10 9 »
795 1375 29 16 un
848 1371 20 19 fr
875 1375 34 16 vu
931 1371 27 20 de
982 1369 28 20 25
1033 1368 140 21 Uiiomèlrcs.

674 1401 70 23 On'Je
760 1403 98 21 trouvait
872 1403 14 19 à
901 1401 92 22 Maele-'.
1009 1403 11 17 t.
1043 1401 125 21 rir.emonl.

671 1435 15 20 à
702 1434 89 21 Wavre.
809 1433 53 21 Rien
880 1434 84 20 n'avait
981 1433 35 19 éié
1034 1437 71 20 prévu
1122 1436 45 16 non

671 1467 51 26 plus
742 1471 58 21 pour
817 1465 169 25 l'organisation
1006 1464 63 25 d'un,
1079 1465 87 25 service

671 1496 27 23 de
719 1498 184 24 renseignement
922 1491 81 32 ëys'Jën
1012 1495 76 27 atique
1109 1500 57 16 «cou-

673 1532 64 19 vrart
752 1530 49 22 tout
817 1530 20 21 le
856 1528 111 24 territoire
982 1527 73 26 belge.
1072 1526 51 24 Les.
1128 1527 38 24 A.l-

675 2258 28 21 Le
714 2252 98 30 général
816 2255 125 22 Alexandre
952 2259 43 16 von
1008 2255 70 20 Kluck
1089 2258 45 21 qui,
1146 2258 27 16 en

673 2291 52 20 août
742 2290 52 22 J9!4_
808 2287 146 22 commandait
971 2288 57 20 l'allé
1044 2286 129 21 marchante

675 2323 40 20 des
729 2322 86 21 armées
828 2320 145 24 allemandes,
985 2319 118 23 atteindra,
1116 2319 21 20 le
1151 2319 24 19 SO

675 2354 51 25 rnal,
746 2358 25 17 sa
791 2352 287 26 quatre-vingt-cinquième
1096 2351 78 20 année.

680 2387 43 21 Von
735 2385 176 26 Kluck'parvint,
921 2389 29 16 au
961 2383 68 22 début
1041 2385 27 19 de
1079 2385 83 24 septem-

675 2420 46 23 bre,
733 2419 13 21 à
758 2419 77 25 portée
845 2418 29 20 de
885 2422 70 16 canon
968 2417 41 20 des
1020 2417 59 24 forts
1091 2417 28 19 de
1132 2416 30 20 Pa-

674 2452 39 23 ris,
726 2451 75 25 quand
813 2455 37 16 ses
863 2452 92 23 troupes
967 2450 79 24 furent
1059 2449 72 25 prises
1145 2452 28 16 en

674 2484 62 24 flanc
748 2487 42 21 par
802 2483 22 22 La
835 2482 106 26 garnison
953 2482 28 20 de
993 2482 70 23 Paris,
1076 2485 53 16 sons
1142 2481 32 19 les

677 2516 76 21 ordres
772 2516 28 20 de
817 2516 125 23 Maunoury
961 2514 44 25 qui,
1022 2518 40 16 sur
1080 2519 21 15 ui
1120 2518 43 19 sug-

674 2549 86 24 gestion
775 2548 28 20 de
818 2547 100 24 Galliéni,
932 2547 60 20 avait
1005 2546 130 20 abandonne
1152 2546 21 19 la

676 2580 94 25 capitale
793 2584 58 21 pour
872 2580 58 24 faire
952 2583 25 16 sa
999 2579 99 25 jonction
1119 2582 54 16 acte

678 2612 90 21 l'armée
789 2613 28 19 de
841 2616 122 20 campagne
985 2611 120 24 française.
1131 2610 44 20 Von

678 2645 70 21 Kluck
761 2645 37 25 fut
812 2644 62 25 privé
888 2644 28 20 de
930 2648 40 16 son
985 2642 190 21 commandement

676 2682 66 20 parce
758 2681 50 21 que,
822 2680 29 16 au
868 2680 66 17 cours
949 2675 28 21 de
993 2680 25 15 sa
1035 2674 97 21 marche'
1139 2678 23 16 ra-

677 2710 57 25 pide,
746 2709 17 22 il
776 2709 71 21 n'était
860 2707 112 22 «détaché-,
988 2708 28 21 de
1029 2707 21 21 la
1063 2708 25 20 4e
1100 2707 75 20 armée

858 2740 131 21 allemande.

687 2803 92 21 emands
794 2804 84 25 purent
892 2803 56 20 ain?i
964 2802 83 21 cacher
1061 2803 51 20 ieur
1124 2802 48 25 jeu,

678 2839 13 17 i:
690 2839 18 16 ii
717 2836 21 19 ci
740 2839 11 16 s
771 2839 44 21 que
836 2834 90 21 l'armée
946 2832 66 27 be'ge
1033 2837 125 23 par-exem-

675 2864 37 28 ple
719 2869 37 16 -en
771 2865 134 20 seretirant
917 2863 99 26 à'partir
1030 2864 31 20 du
1077 2855 29 29 té
1119 2862 56 23 âo$t

676 2902 43 16 sur
725 2898 99 19 -Anvers*
829 2896 163 26 jouait-cart.es
1005 2900 43 16 sur
1060 2895 68 22 table.
1140 2895 36 20 Au

678 2929 79 26 bridge
775 2934 29 15 on
818 2929 67 20 dirait
907 2933 6 15 :
931 2928 81 20 faisait-
1024 2927 21 21 le
1060 2928 68 20 mort.

699 2961 41 22 ,-Ge
760 2963 75 18 secret
853 2960 41 22 dès
912 2960 130 26 opérations
1060 2960 116 22 adverses,

681 2998 28 15 en
725 2997 39 16 cas
780 2994 66 20 d'une
864 2997 82 21 guerre
963 2992 113 23 nouvelle,
1094 2992 15 20 il
1112 3001 3 3 ■
1123 2992 54 19 ïaut

682 3024 26 21 le-
719 3029 80 21 percer
817 3025 41 20 dès
877 3024 20 21 le
914 3025 105 25 premier-
1030 3024 61 25 Jour.
1109 3023 28 21 Et
1156 3023 21 20 le

679 3056 104 21 meilleur
795 3060 88 22 moyen,
888 3056 31 21 'le
934 3056 50 21 seul
999 3060 81 21 moyen
1094 3055 68 22 d'obli-

679 3094 41 20 ger
734 3089 104 20 l'ennemi
854 3089 13 20 à
881 3088 99 24 s'étaler,
995 3089 14 21 à
1023 3088 101 21 montrer
1137 3092 39 16 ses

680 3122 82 23 forces,
780 3122 57 20 c'est
853 3121 28 21 de
899 3120 21 21 le
937 3121 126 20 combattre
1080 3120 82 21 violem-

678 3154 69 23 ment,
764 3153 27 21 de
807 3153 31 21 lui
855 3154 56 20 faire
920 3153 48 20 -des
984 3154 147 25 prisonniers,
1148 3153 27 20 de

679 3185 30 21 lui
727 3186 107 25 capturer
851 3186 27 20 de
897 3185 116 26 multiples
1032 3186 143 20 documents.

709 3225 51 21 Des"
772 3226 195 24 renseignements
985 3226 115 19 recueillis
1118 3230 42 21 pen-

679 3257 54 21 dant
757 3256 21 21 la
801 3256 111 27 première
934 3257 100 23 bataille,
1058 3258 71 19 même
1153 3257 20 19 si

679 3289 43 20 elle
744 3288 60 21 n'est
826 3293 41 21 pas
888 3288 145 23 victorieuse,
1056 3289 56 24 peut
1132 3287 29 20 dé-

680 3319 92 27 pendre,
792 3321 57 19 dans
868 3322 44 17 une
933 3319 47 20 très
1001 3320 61 24 large
1084 3323 89 16 mesure

680 3351 79 21 l'issue
785 3351 27 20 de
837 3352 21 19 la
895 3350 109 22 seconde,
1031 3350 144 20 c'est-à-dire

681 3382 236 22 vraisemblablement
935 3383 30 20 du
982 3382 56 22 choc
1057 3382 39 20 des
1115 3386 48 15 mas-

681 3419 38 15 ses
740 3414 142 26 principales.

705 3451 25 21 Et
751 3452 19 19 si
792 3455 25 17 ce
841 3451 93 25 premier
955 3451 87 20 combat
1064 3451 78 20 tourne
1163 3450 14 20 h

681 3484 125 24 l'avantage
828 3484 28 20 de
877 3488 42 16 nos
939 3487 82 19 armes,
1042 3487 87 16 comme
1149 3487 27 16 ce

681 3516 35 21 fut
730 3516 76 22 Jecas
820 3519 29 16 au
864 3513 164 22 Sart-Tilmont
1044 3519 29 15 ou
1088 3514 13 20 à
1116 3513 45 20 Hae-

682 3548 43 22 len,
741 3547 22 20 la
778 3547 59 24 ligne
851 3551 43 16 sur
907 3546 99 26 laquelle
1023 3550 48 16 nos.
1083 3547 93 23 troupes

681 3579 83 20 auront
784 3579 54 20 tenu
859 3582 84 22 pourra
961 3578 94 20 devenir
1075 3578 22 20 la
1117 3578 59 24 ligne

680 3614 42 16 sur
739 3609 99 26 «laquelle
860 3612 136 20 accourront
1017 3609 33 20 les
1088 3612 88 17 masses

681 3641 77 20 alliées
768 3646 61 21 pour-
834 3646 14 20 y
869 3641 68 20 livrer
958 3640 55 21 dans
1036 3641 40 20 des
1098 3639 65 22 condi-

682 3674 66 22 tions;
765 3677 43 21 que
825 3673 65 20 notre
907 3673 99 25 premier
1020 3670 83 22 succès
1121 3675 55 16 aura

681 3704 73 21 rendu
774 3704 136 23 favorables,
923 3703 29 24 .al
969 3703 88 26 grande
1077 3697 99 26 bataille.

712 3735 28 21 Et
748 3736 63 20 -tout
825 3735 21 21 le
864 3735 82 20 monde
964 3734 150 26 comprendra
1132 3738 44 21 que

681 3768 22 20 si
721 3772 43 16 une
783 3767 74 21 action
876 3767 27 20 de
922 3767 60 20 cette
1002 3766 81 26 espèce
1103 3766 74 20 devait

683 3803 24 16 se
723 3799 108 20 terminer
844 3803 40 22 par
898 3798 22 20 le
936 3798 186 20 retranchement
1136 3798 41 20 des

684 3830 75 20 forces
777 3835 28 16 en
825 3830 108 25 présence
953 3828 130 27 incapables
1104 3829 27 21 de
1152 3832 24 16 se

682 3861 124 21 bousculer
820 3862 60 20 l'une
895 3861 90 23 l'autre,
1001 3861 21 20 la
1037 3865 82 20 guerre
1134 3864 27 16 se-

682 3894 44 20 rait
746 3893 102 21 d'autant
857 3911 3 4 .
870 3893 51 26 plus
945 3893 78 20 courte
1046 3892 83 26 qu'elle
1150 3895 26 16 se

684 3924 136 23 déroulerait
840 3924 62 26 -plus*
917 3923 52 29 près
990 3923 28 21 de
1039 3924 22 19 la
1083 3922 82 21 Germa-

683 3956 43 20 nte.
1141 3961 9 10 •

716 3986 61 21 C'est
798 3991 58 21 pour
876 3987 59 20 cette
957 3986 75 20 raison
1054 3990 44 21 que
1121 3985 57 21 c'est

686 4021 51 17 vers
757 4017 53 21 l'est
827 4018 54 25 qu'il
901 4018 49 20 faut
969 4017 108 25 regarder
1094 4018 26 20 et
1137 4020 41 22 pas

684 4052 53 16 vers
756 4048 93 25 l'ouest,
871 4052 44 22 que
936 4049 58 20 c'est
1015 4048 13 20 à
1047 4049 55 20 l'esi
1122 4048 55 25 qu'il

687 4079 49 20 faut
759 4079 81 21 établir
862 4084 44 15 une
929 4080 77 24 région
1031 4079 99 21 fortifiée
1155 4080 22 20 et

685 4115 44 16 non
747 4115 40 21 pas
805 4110 13 20 à
834 4111 84 20 l'ouest
934 4120 28 5 —
961 4120 4 12 :
982 4111 13 20 à
1012 4111 70 21 Gand.

716 4141 116 26 Regarder
850 4147 51 16 vers
920 4142 109 24 l'arrière,
1041 4147 87 16 comme
1149 4147 28 15 on

683 4174 23 21 ie
724 4174 44 20 fait
783 4174 144 23 maintenant,
945 4174 57 23 c'est
1020 4174 88 20 oublier
1124 4174 53 19 tous

686 4206 34 20 le6
736 4206 181 24 enseignements
932 4206 27 20 de
978 4205 64 20 1914.

713 4244 119 25 Pourquoi
854 4243 57 20 donc
932 4244 33 20 les
985 4242 91 26 Anglais
1098 4243 81 20 ont-Us

686 4275 114 25 débarqué
813 4277 29 18 au
855 4274 79 23 Havre,
947 4279 28 16 au
988 4275 45 20 lieu
1046 4275 28 20 de
1086 4275 22 20 le
1123 4275 56 19 faire

685 4306 14 20 à
719 4305 139 26 Zeebrugge,
879 4306 13 20 à
913 4305 107 25 Ostende,
1041 4305 13 21 à
1074 4305 93 20 Dunker-

685 4342 54 22 que,-
754 4337 14 20 à
783 4337 72 21 Calais
875 4337 12 21 ?
904 4352 4 4 .
927 4346 22 12 ..-!
969 4350 4 3 -

718 4375 113 26 Pourquoi
851 4376 57 22 donc
927 4377 34 19 les
981 4375 104 25 Français
1103 4375 79 24 n'ont-;,

686 4408 29 19 ils
730 4412 41 21 pas
788 4407 86 25 envoyé
890 4407 110 25 quelques
1017 4407 75 20 unités
1109 4407 14 20 à
1137 4411 44 16 nos

687 4438 71 24 côtés,
774 4439 60 20 alors
851 4438 54 26 qu'il
923 4440 36 19 est
973 4439 88 20 notoire
1077 4442 44 22 que
1136 4438 31 21 l'é-

687 4468 108 22 mulation
817 4474 44 21 que
883 4469 97 26 produit,
1002 4469 55 21 dans
1077 4469 41 21 des
1141 4472 39 17 cas

684 4501 146 23 semblables,
847 4506 29 15 un
893 4501 124 25 amalgame
1034 4501 27 20 de
1078 4501 101 26 troupes,

686 4532 91 25 peut-on
813 4531 85 20 donner
932 4530 32 20 les
999 4529 114 22 meilleurs
1148 4529 23 21 ré-

688 4565 82 20 sultats
793 4564 10 20 ?
883 4557 154 36 ."'**..'
1117 4558 14 29 .'.
1157 4563 5 6 '

708 4600 112 21 Disons-le
837 4601 49 20 bien
904 4600 180 21 franchement-:
1111 4596 71 30 "parce

685 4638 43 21 que
745 4637 41 16 nos
802 4633 68 20 Alliés
886 4633 110 20 n'avaient
1012 4637 40 21 pas
1067 4632 116 20 confiance

685 4670 28 15 en
727 4669 63 16 nous.
807 4665 57 20 Voici
880 4667 30 18 Ce«
919 4669 43 21 que
978 4663 20 21 le
1014 4665 158 20 lieutenant-co-

687 4697 57 20 lonel
762 4697 101 23 Brécard,
879 4697 91 24 envoyé'
979 4701 40 22 par
1035 4695 20 22 lé
1072 4695 111 22 maréchal

685 4729 73 21 Joffre
779 4729 12 21 à
811 4729 122 23 Bruxelles,
953 4729 91 21 écrivait
1053 4734 41 15 .au
1113 4728 71 20 début

686 4761 75 20 d'août
773 4761 13 21 à
798 4765 39 16 son
850 4761 53 20 chef
909 4766 4 4 -
918 4766 6 15 :
939 4765 42 22 que
995 4769 9 9 «
1018 4761 89 20 l'armée
1119 4760 64 25 belge

688 4794 95 19 estimait
797 4797 43 21 que
854 4793 22 20 la
890 4793 92 25 défense
995 4792 28 21 de
1037 4794 21 19 là
1072 4792 113 25 Belgique,

686 4825 65 25 après
770 4824 21 23 la
809 4825 60 25 ligne
886 4825 168 25 Liége-Sarnur,
1073 4825 72 21 c'était
1163 4824 20 20 le

687 4861 63 21 camp
762 4857 116 21 retranché
890 4857 108 20 d'Anvers
1011 4866 17 12 ».
1057 4872 4 3 .

710 4895 25 21 Et
749 4896 21 20 le
782 4895 217 21 lieutenant-colonel
1012 4895 96 21 Brécard
1119 4895 64 25 ajou-

690 4927 64 29 Wt.;4
781 4942 6 6 -
817 4943 4 5 .
836 4929 4 4 '
871 4922 89 36 ..'.'■

712 4965 32 20 En
757 4966 95 24 résumé,
865 4966 145 25 l'impression
1024 4965 104 27 générale
1142 4968 43 22 que

690 4997 37 24 j'ai
740 4997 112 21 recueillie
865 4998 28 20 de
906 5002 50 16 mon
971 5001 83 21 voyage
1067 4998 14 20 à
1092 4997 83 20 Bruxel-

689 5028 33 20 les
737 5031 33 18 est
785 5035 42 20 que
843 5031 20 19 la
876 5031 75 19 nation
967 5030 63 25 belge
1045 5031 34 19 est
1092 5030 63 25 prête
1170 5029 14 19 à

690 5060 50 20 tous
758 5062 33 19 les
809 5062 114 24 sacrifices
941 5067 58 20 pour
1015 5067 83 15 sauver
1115 5065 26 17 sa
1159 5061 16 20 li-

690 5091 67 21 berté.
775 5093 45 21 Elle
838 5095 86 23 compte
941 5099 41 16 sur
999 5099 42 15 son
1056 5094 83 21 armée.
1155 5093 30 20 Le

692 5123 70 21 soldat
773 5124 63 25 belge
846 5130 24 16 se
879 5126 36 20 bat
926 5126 50 20 bien
990 5131 8 15 :
1011 5126 14 20 il
1036 5127 34 20 est
1081 5125 105 22 résistant

693 5156 20 19 et
730 5160 133 20 courageux.
882 5158 54 20 Mais
955 5158 21 21 le
995 5157 192 21 commandement

691 5188 33 18 est
739 5188 135 23 insuffisant.
890 5190 71 23 Quant
976 5184 42 26 au'
1021 5187 47 24 rôle
1083 5191 38 24 qui
1135 5193 51 16 sera

691 5217 80 21 dévolu
786 5219 15 20 £_
816 5220 89 22 l'armée
921 5221 66 26 belge,
999 5226 42 20 par
1056 5222 21 20 le
1091 5225 86 22 gouver-

692 5252 88 20 nement
791 5252 32 21 du
834 5251 46 25 Bol,
891 5254 15 19 il
918 5255 33 19 est
964 5254 126 24 impossible
1102 5253 74 21 actuel-

692 5281 80 22 lement
783 5282 28 21 de
822 5283 21 20 le
854 5285 107 24 préjuger
976 5290 7 15 :
998 5286 14 19 il
1022 5285 113 25 dépendra
1146 5285 40 20 des

692 5314 168 21 circonstances.
871 5315 21 21 Si
904 5316 53 20 elles
968 5321 57 16 nous
1037 5319 49 19 sont
1097 5317 90 25 favorà-

691 5345 55 28 bjes,
761 5347 111 24 peut-être
889 5352 43 20 que
948 5349 89 22 l'armée
1054 5350 64 24 belge
1134 5354 53 20 pas-

693 5378 124 23 sera-t-elle
835 5377 22 22 la
874 5379 76 21 Meuse
968 5382 21 20 et
1008 5381 180 21 interviendra-t-

693 5409 42 22 elle
750 5414 40 16 sur
804 5409 21 22 te
839 5410 62 23 flanc
915 5411 57 20 droit
987 5412 27 21 de
1029 5413 90 21 l'armée
1133 5413 45 20 alle-

694 5441 86 21 mande.
797 5442 55 20 Mais
868 5443 53 20 c'est
938 5443 21 20 là
976 5449 44 15 une
1037 5445 121 25 hypothèse
1175 5445 13 20 à

695 5474 96 24 laquelle
808 5474 16 19 il
842 5478 29 16 ne
886 5474 50 24 faut
952 5476 89 24 ajouter
1058 5479 82 22 qu'une
1157 5478 32 22 foi

693 5506 46 21 très
754 5506 109 21 lointaine.
877 5506 31 20 Le
922 5508 189 22 commandement
1125 5510 64 24 belge

693 5535 19 23 à'
719 5537 32 21 lès
764 5543 59 20 yeux
835 5538 90 20 tournés
934 5536 75 27 -plutôt
1021 5540 30 20 du
1061 5542 51 19 iCtê
1123 5542 55 20 d'An-

695 5574 50 17 vers,
758 5574 43 22 que
816 5570 26 21 de
857 5569 22 22 la
889 5570 107 24 frontière
1009 5572 130 23 allemande.

1232 1335 29 21 Le
1283 1324 91 37 généî'al
1394 1333 122 23 Lanrezac;
1538 1329 158 23 commandant

1195 1365 96 26 'J.'ariace
1306 1365 106 26 désignée
1425 1366 52 29 plus
1491 1364 49 22 tard
1553 1368 58 21 pour
1624 1361 60 22 Char-

1198 1399 66 24 leroi,
1280 1398 91 21 écrivait
1379 1395 38 22 'au
1431 1395 91 27 général
1534 1392 80 23 'Jorfre
1630 1394 20 21 le
1663 1388 31 25 -il

1198 1430 64 23 août,
1277 1425 43 25 'dès
1338 1429 63 25 qu'il'
1406 1430 43 25 ipm
1465 1432 25 16 se
1500 1426 88 21 'rendre
1606 1426 89 24 compte

1201 1467 44 20 que
1253 1472 3 4 ■
1267 1466 42 16 nos
1333 1459 76 22 forcés
1431 1457 158 28 n'occupaient
1598 1468 4 6 •
1611 1460 40 23 pas
1674 1455 22 22 là

1201 1493 78 21 Meuse
1294 1497 37 16 ces
1345 1489 111 28 quelques
1470 1492 71 24 lignes
1559 1494 6 16 :

1221 1530 62 20 Sous
1296 1525 97 24 sommes
1407 1528 85 20 tombés
1506 1526 102 21 d'accord
1622 1524 75 31 sufrle

1196 1567 44 21 peu
1251 1562 30 20 .de
1293 1561 55 25 fond
1361 1560 53 25 qu'il
1428 1564 14 20 y
1454 1564 13 15 a
1478 1560 12 19 à
1503 1560 57 23 faire
1573 1559 27 20 de
1613 1557 21 21 ta
1646 1561 39 16 coo-

1196 1595 106 25 pération,
1309 1594 71 23 belge.

1217 1634 41 22 .-Le
1286 1634 169 26 généralissime
1483 1633 98 24 français
1589 1646 3 8 ,
1600 1636 78 23 cepen-

1197 1667 53 20 dant
1266 1666 86 26 gardait
1368 1666 73 26 pleine
1458 1665 123 20 confiance,
1593 1668 27 16 en
1629 1663 58 22 M'ar.-
1686 1669 6 8 1

1199 1699 48 22 mée
1268 1692 74 31 belge",
1363 1697 29 25 IL.
1400 1697 29 20 lui
1452 1696 116 23 semblait,
1577 1693 117 22 tellement

1195 1730 104 24 absurde,
1316 1734 43 21 que
1374 1729 42 20 'les
1438 1729 76 19 forces
1537 1727 30 21 du
1589 1725 41 21 Roi
1652 1725 44 21 Al-,

1195 1760 50 21 bert
1260 1761 36 19 ne"
1304 1760 99 19 vinssent
1431 1762 40 22 pas
1490 1761 33 17 'se
1551 1752 87 29 .souder
1665 1760 35 17 au

1196 1798 54 21 gros
1274 1794 40 20 des
1323 1786 4 5 '
1340 1795 75 19 rorces
1440 1784 89 32 ailiéçs,'
1551 1786 43 32 que
1615 1794 4 4 ■
1635 1790 59 22 dans.

1197 1825 101 26 l'exposé
1320 1824 27 21 de
1364 1825 26 20 "la
1408 1824 110 20 siluation
1540 1823 54 25 qu'il
1616 1822 28 23 fit
1664 1826 29 16 au

1196 1857 114 23 maréchal
1331 1855 87 21 Frerïeh
1431 1860 48 18 .sur
1485 1855 33 20 Ma
1537 1854 93 20 mission
1651 1852 27 21 dé-

1196 1889 67 20 volue
1284 1889 17 22 à.
1316 1887 93 21 l'arrn'ée
1433 1887 112 26 française
1566 1890 55 16 avec
1657 1884 23 21 la-

1197 1920 75 26 quelle
1294 1920 46 26 lea;
1346 1919 110 22 divisions
1474 1918 113 25 anglaises
1607 1916 86 21 étaient

1196 1956 31 16 en
1241 1952 98 23 contact,
1353 1952 14 19 il
1383 1950 93 21 écrivait
1494 1954 6 16 :

1222 1988 30 20 La
1268 1982 94 26 mission,
1374 1987 103 24 assignée
1490 1991 30 16 au
1533 1985 91 25 général
1640 1985 46 20 Lan-

1199 2024 64 16 rezac
1284 2022 33 18 est
1338 2019 71 24 d'agir
1428 2019 75 20 contre
1523 2018 21 20 le
1563 2021 93 21 groupe,
1671 2017 27 20 de

1196 2051 75 27 fflrees
1289 2053 113 19 ennemies
1422 2051 110 25 engagées
1551 2055 40 15 sur
1610 2051 21 19 la
1649 2050 48 20 rive

1197 2084 87 25 gauche
1302 2084 28 20 de
1348 2084 21 20 la
1388 2084 83 23 Meuse,
1488 2084 28 20 de
1534 2083 89 20 concert
1641 2085 56 17 avec

1197 2116 90 21 l'armée
1307 2116 99 25 anglaise
1427 2118 21 19 et
1468 2116 33 20 les
1519 2116 76 24 forces
1613 2115 83 24 belges.

1199 2148 73 25 (Pièce
1287 2148 62 25 C.'Q-
1362 2149 25 20 G.
1400 2149 24 20 T.
1436 2149 74 20 3407—
1510 2149 30 22 49,
1554 2147 26 21 N.
1594 2147 63 24 1119.)
1672 2156 3 3 ■
1683 2143 8 10 ''

1230 2190 29 21 Le
1280 2189 24 20 11
1316 2189 69 24 :aoÛt,
1405 2189 56 20 dans
1480 2190 20 20 la
1518 2188 80 23 soirée,
1609 2187 91 22 'Jaffrg.

1200 2211 77 32 faisait
1292 2221 133 25 téléphoner
1434 2222 47 25 'par
1491 2220 23 21 'le
1529 2220 98 25 général"
1636 2218 44 21 Ber-

1201 2253 75 22 thelot
1287 2253 34 21 au'
1330 2253 90 25 général
1438 2252 110 21 Lanrezac
1568 2256 6 16 :
1635 2252 4 4 '
1679 2248 18 26 .'

1222 2290 29 20 Le
1265 2291 174 23 gouvernement
1452 2289 63 24 belge
1527 2293 23 15 se
1564 2288 67 20 retire
1645 2291 53 17 sous

1201 2323 91 20 Anvers.
1308 2322 19 20 Il
1341 2322 51 23 faut
1409 2322 70 19 éviter
1495 2321 12 20 à
1525 2322 47 19 tout
1588 2321 51 24 prix
1656 2324 43 21 que

1199 2354 91 21 l'armée
1308 2354 64 25 belge
1389 2355 63 19 suive
1469 2358 25 16 ce
1511 2353 142 20 mouvement
1671 2352 28 23 et,

1199 2391 41 20 par
1263 2388 64 22 suite,
1343 2387 17 21 il
1385 2387 34 19 est
1444 2385 164 25 indispensable
1633 2385 67 24 qu'on

1198 2424 84 20 prenne
1297 2419 78 20 liaison
1389 2423 55 16 avec
1457 2419 49 20 elle.

1201 2476 4 2 _
1222 2458 17 21 11
1253 2455 43 28 n'y
1301 2459 58 20 avait
1372 2463 41 21 pas
1425 2462 43 22 que
1481 2458 32 20 les
1526 2458 104 25 Français
1642 2461 57 21 pour

1200 2494 47 19 cire
1270 2494 27 20 de
1319 2494 35 19 cet
1375 2493 48 19 avis
1446 2492 28 20 là.
1496 2492 28 20 Le
1564 2491 118 20 Gouverne-

1200 2526 61 23 ment
1281 2524 65 25 belge
1366 2524 118 20 lui-même
1504 2524 58 20 avait
1582 2524 21 20 la
1623 2523 72 20 même

1200 2557 97 24 opinion.
1335 2555 225 20 Malheureusement
1597 2555 99 25 quelque

1201 2587 117 21 eminence
1336 2588 68 24 g#ise.
1416 2590 38 19 eut
1473 2591 66 16 assez
1558 2586 138 20 d'inf.icenee

1199 2623 42 16 sur
1255 2621 19 18 W.
1285 2618 166 21 commandant.
1457 2623 27 16 en
1498 2618 55 20 chef
1565 2619 26 21 de
1603 2617 93 21 l'armée

1200 2654 60 22 'pour
1272 2655 27 16 en
1312 2651 72 22 avoir.
1388 2654 42 17 une
1444 2651 74 23 au^re.

1234 2681 42 22 Car
1298 2681 56 21 voici
1378 2680 111 26 quelques
1512 2682 94 18 extraits
1629 2681 67 19 d'une

1202 2712 50 20 note
1274 2715 43 22 que
1341 2711 20 20 le
1384 2712 179 19 Gouvernement
1586 2710 64 26 belge
1674 2710 26 19 fit

1204 2745 65 24 tenir,
1289 2745 21 20 le
1348 2744 26 20 21
1414 2744 61 23 août,
1513 2750 28 14 au
1584 2744 114 21 maréchal

1203 2776 86 20 French
1304 2780 6 16 :

1224 2806 30 20 Le
1267 2807 175 23 gouvernement
1459 2806 64 24 belge
1538 2807 54 18 tient
1608 2806 13 19 à
1636 2809 54 16 assu-

1200 2839 46 19 rer'
1257 2838 33 20 les
1311 2839 187 24 gouvernements
1518 2837 140 25 britannique
1678 2838 22 18 et

1199 2870 98 25 français
1309 2870 27 21 de
1348 2871 82 24 l'appui
1443 2874 53 15 sans
1507 2870 90 20 réserve
1608 2869 92 22 de'l'ar-

1202 2903 47 20 mée
1261 2902 65 25 belge
1336 2902 14 20 à
1363 2902 58 20 l'aile
1432 2902 86 24 gauche
1530 2902 43 20 des-
1581 2902 76 24 forces
1669 2902 21 19 al-

1202 2934 59 24 liées,
1272 2937 54 18 aise
1337 2934 129 21 l'ensemble
1478 2934 28 20 de
1519 2935 73 19 toutes
1605 2938 36 16 ses
1653 2934 38 22 for-

1197 2971 41 16 ces
1250 2969 21 18 et
1281 2968 74 19 toutes
1368 2972 38 15 ses
1415 2971 129 16 ressources
1557 2966 143 24 disponibles,

1202 2996 92 27 partout
1309 3000 28 19 oit
1357 3004 37 15 ses
1413 2999 71 24 lignes
1504 2999 28 19 de
1552 2999 137 19 communica-

1202 3032 57 19 tions
1278 3036 54 15 avec
1352 3031 22 20 la
1394 3031 53 20 base
1466 3032 115 23 d'Anvers,
1602 3032 28 19 où
1649 3031 51 20 sont

1201 3063 83 21 réunis'
1291 3064 73 20 toutes
1378 3065 33 20 les
1426 3064 121 19 munitions
1554 3065 30 19 .et
1600 3064 52 19 tous
1667 3063 33 20 les

1201 3096 80 24 vivres,
1296 3100 28 16 ne
1340 3096 75 20 seront
1430 3100 41 21 pas
1487 3100 27 16 en
1530 3096 86 24 danger
1630 3096 70 21 d'être

1201 3129 95 23 coupées
1310 3132 41 21 par.
1367 3133 43 15 une
1424 3128 90 24 attaque
1529 3129 107 20 ennemie.

1224 3198 74 21 L'idée
1318 3199 105 24 générale
1444 3201 34 19 est
1498 3201 137 19 maintenant
1656 3204 44 20 que

1202 3231 89 20 l'armée
1302 3231 28 21 de
1341 3235 121 21 campagne
1473 3236 27 16 en
1511 3232 48 20 tout
1571 3237 28 15 ou
1611 3237 27 15 en
1648 3237 42 20 par-

1203 3264 34 23 tie,
1249 3264 44 19 doil
1305 3264 67 19 sortir
1383 3264 31 20 du
1427 3268 64 21 camp
1503 3265 117 19 retranché
1633 3264 55 20 d'An-

1204 3300 56 19 vers,
1269 3289 94 26 aussitôt
1373 3301 43 19 que
1426 3296 32 20 les
1470 3297 162 21 circonstances
1642 3302 47 15 sem-

1204 3327 85 20 bleront
1306 3328 111 23 favoriser
1443 3334 30 14 un
1499 3330 33 19 tet
1552 3329 148 20 niouvement.

1203 3359 59 20 Dans
1281 3365 25 15 ce
1323 3364 45 20 cas,
1386 3361 89 20 l'année
1493 3362 85 20 tentera
1596 3362 28 20 de
1641 3362 59 25 faire

1203 3392 110 20 voincider
1322 3397 36 15 ses
1368 3394 150 20 mouvements
1527 3398 55 16 avec
1592 3399 57 15 ceux
1660 3395 39 20 des

1204 3423 85 25 Alliées,
1305 3425 61 20 selon
1382 3425 32 20 les
1430 3426 178 21 circonstances.'

1235 3464 30 22 Le
1287 3465 40 21 fait
1347 3467 34 19 est
1401 3470 43 21 qiue
1465 3467 33 20 les
1519 3468 50 25 cinq
1590 3468 107 20 divisions

1203 3496 79 25 belges
1299 3498 38 24 qui
1354 3498 100 20 auraient
1472 3502 30 22 pu
1518 3499 67 24 jouer
1601 3504 32 15 un
1649 3499 48 20 rôle

1204 3525 78 21 décisif
1302 3536 25 4 —
1347 3526 29 21 tel
1399 3529 32 19 est
1455 3528 61 19 l'avis
1538 3528 99 25 exprimé
1660 3532 41 21 par

1204 3559 90 26 Man'gin
1312 3560 55 20 dans
1383 3566 30 15 un
1430 3561 66 21 étude
1511 3566 42 16 sur
1568 3563 22 20 la
1606 3562 92 22 bataille

1205 3591 40 20 des
1267 3591 123 21 frontières'
1405 3596 2 10 '
1406 3602 27 4 —
1432 3602 7 4 -
1457 3594 172 23 n'intervinrent
1636 3602 3 5 ■
1650 3599 49 21 pas.

1234 3618 21 24 À'
1264 3623 89 21 l'heure
1368 3625 98 20 actuelle
1483 3626 38 19 ont
1537 3627 54 19 veut
1605 3626 80 20 visible-

1205 3655 61 19 ment
1284 3659 27 16 en
1313 3656 5 9 1
1330 3656 88 19 revenir
1435 3656 14 20 à
1465 3656 27 21 la"
1505 3657 72 21 même
1613 3661 86 18 erreur.

1205 3685 90 21 Comme
1311 3687 22 19 le
1350 3687 66 20 disait
1433 3688 20 19 le
1472 3687 227 22 lieutenant-colonel

1204 3715 101 24 Brécard,
1319 3721 27 15 en
1363 3718 67 19 -août"
1454 3717 52 24 1914,
1522 3723 26 15 en
1581 3723 43 15 une
1655 3719 37 20 for-

1205 3750 59 20 mule
1286 3750 110 20 saissante
1409 3752 45 24 .qui
1475 3754 46 18 est-
1531 3757 81 16 encore
1635 3753 63 20 toute

1205 3780 129 21 d'actualité
1357 3787 5 14 :
1387 3787 4 4 •
1559 3779 4 10 :
1587 3795 6 4 -

1226 3817 31 20 Le
1265 3820 185 22 .gouvernement
1471 3820 63 25 belge
1554 3825 14 17 a
1588 3820 33 21 lés
1641 3825 61 20 yeux

1204 3847 91 23 (oumés
1307 3850 72 25 plutôt
1391 3850 30 21 du
1435 3852 48 20 côté
1496 3853 107 20 d'Anvers
1616 3858 43 20 que
1671 3853 30 22 du

1204 3881 47 20 côté
1266 3882 28 20 de
1310 3882 20 20 là
1345 3883 106 24 frontière
1465 3884 134 22 allemande.
1629 3882 4 4 '
1656 3889 9 8 ■'

1235 3922 117 22 Comment
1369 3925 111 25 peut-un,,
1491 3926 55 20 dans
1565 3931 38 15 ces
1620 3926 66 21 condi-

1206 3953 65 31 tions^
1281 3956 129 24 escompter
1425 3960 30 16 un
1472 3959 91 23 prompt
1580 3958 24 20 et
1635 3958 51 26 puis-

1203 3987 55 18 sant
1275 3989 97 20 secours
1392 3987 27 22 de
1441 3992 41 16 nos
1503 3988 68 21 Alliés
1580 3989 46 22 Mes
1648 3990 51 25 plus

1204 4016 100 26 -proches
1322 4012 62 27 ?'..",

1236 4047 62 21 Po>ur
1318 4053 43 20 que
1381 4054 58 16 nous
1460 4052 115 24 puissions
1597 4053 102 24 compter

1203 4084 42 20 Sur
1263 4078 20 21 la
1298 4078 92 25 France,
1406 4081 15 20 il
1438 4083 49 19 faut
1502 4083 83 25 qu'elle
1601 4083 31 21 ait
1649 4084 51 20 tout

1205 4111 94 20 d'abord
1317 4112 116 20 confiance
1450 4117 26 16 en
1494 4118 65 16 nous.

1216 4140 7 3 "
1235 4139 30 23 Et
1280 4147 25 16 ce
1309 4140 39 22 "rie
1361 4144 110 26 sont^pas
1487 4146 33 19 les
1538 4146 162 21 fortifications

1205 4174 28 21 de
1250 4173 63 20 Gand
1328 4174 38 25 qui
1380 4175 30 20 lui
1425 4175 128 22 donneront
1565 4178 63 22 -cette
1644 4182 42 17 con-

1207 4204 90 26 fiance.'.

1211 4248 485 27 iiiiiiiiiiimimiiiiiiiiiiiiimiuiiiiiiiiiim

1718 956 159 87 Echos
1892 962 49 79 et
1952 950 265 89 Nouvelles

1805 1109 59 27 Nos
1879 1106 133 33 délégués

1836 1148 19 24 à
1868 1144 29 28 la
1909 1142 112 30 Société
2033 1138 50 30 dés
2095 1137 126 28 Nations

1726 1202 5 7 ,
1752 1186 32 22 M.
1801 1186 65 28 Ju}e«s
1885 1180 102 33 psïlr#,
2004 1182 73 22 arfiv«S
2094 1181 14 21 i
2126 1179 89 22 Genève

1721 1219 71 28 lundi,
1800 1210 77 32 malin,
1892 1222 19 16 a.
1918 1215 90 29 {(rfeidi
2021 1215 28 20 la.,
2053 1214 27 19 e-*;
2083 1218 27 16 an
2113 1218 25 15 ce
2153 1212 28 21 de
2195 1212 23 20 la

1723 1241 148 30 Commissibn
1889 1250 39 22 des
1936 1243 162 25 *Tfa*ttiU!éurs
2113 1244 91 21 intellec-

1721 1283 80 22 tuels..
1849 1281 90 26 .,:....'
1976 1288 127 17 ..-*.«*;..

1724 1330 3 4 .
1739 1304 7 29 !
1756 1313 91 22 L'ordre
1857 1335 4 4 ,
1870 1314 29 21 du
1911 1313 71 25 .Jour,
1995 1310 27 21 de
2040 1302 65 30 -celle
2127 1308 91 20 «set-sion

1724 1347 115 19 coniLOrte
1861 1344 152 23 nottmmeni..
2020 1341 21 20 la
2048 1338 119 28 ..question
2186 1338 31 21 du

1724 1378 89 20 contrat
1826 1377 29 22 de
1869 1373 81 25 travail
1964 1374 40 20 dre
2017 1367 158 30 Journalistes.

1727 1423 6 7 ,
1754 1401 32 28 k."
1804 1397 106 35 Sue'lenS.
1929 1402 114 25 directeur
2047 1398 55 25 -''d'es
2122 1401 95 22 accords

1724 1440 174 22 commerciaux,
1906 1431 29 28 au
1952 1434 128 27 ministère,
2086 1435 40 20 des
2142 1433 62 21 Affai-

1724 1476 37 17 res
1775 1471 139 26 étrangères,
1929 1469 35 22 est
1978 1461 127 33 éigâiemènt
2119 1465 73 20 arrivé
2205 1464 14 20 à

1724 1503 91 22 Oenèv»
1834 1507 60 22 ppur
1906 1525 4 3 _
1913 1500 122 28 participer
2041 1518 4 3 .
2055 1502 45 18 aux
2123 1499 95 19 travaux

1723 1535 28 21 de
1766 1534 24 22 là
1807 1533 148 22 Cornrn:«s6ion
1972 1521 119 32 dfauâeV
2100 1533 57 22 pour
2173 1528 32 20 l'u-

1724 1567 50 20 nion
1790 1567 152 25 européenne;

1900 1625 5 5 ■
1925 1609 87 28 Entre
2024 1608 194 27 ministères...

1745 1653 32 21 On
1797 1659 13 16 a
1830 1652 94 21 souvent
1944 1639 114 37 repi-Jiché;
2067 1653 30 16 au
2119 1647 100 20 ministre

1721 1676 27 30 dé
1758 1679 30 27 .'la
1803 1685 103 21 .Défense
1925 1679 115 38 Nationale
2056 1680 44 24 -des
2120 1680 101 20 lenteurs

1721 1718 145 27 regrettables
1881 1718 55 22 dans
1951 1710 144 32 l'atyioutûm
2112 1713 38 20 des
2166 1717 55 21 pen-

1719 1751 62 26 Btorrç
1798 1751 44 24 d'in
1845 1749 105 23 validité..
1950 1748 22 20 et
1981 1747 101 32 julrefi...
2087 1745 121 20 Reconnais-

1719 1788 61 16 sons,
1784 1787 48 22 que;
1840 1783 21 20 la
1875 1782 25 24 D.
1911 1783 25 20 N.
1940 1779 67 22 n'eÈt
2016 1783 46 22 .pas,
2062 1778 115 24 ".toujours
2192 1781 26 16 en

1721 1815 63 21 faute
1798 1816 22 20 et
1833 1814 82 27 qu'elle
1930 1813 33 21 est
1978 1812 85 26 parfois
2076 1816 13 22 f.
2101 1809 101 22 sabotée*
2208 1817 9 10 «

1721 1853 41 22 par
1788 1848 99 21 d'autres
1914 1837 194 31 administî-ationif,
2137 1842 81 21 témoin

1721 1881 19 21 le
1754 1881 47 20 fait*
1808 1881 90 20 suivant
1906 1884 15 18 _:
1936 1876 201 22 L'administration
2152 1874 55 27 géné-

1720 1913 45 20 rale
1780 1913 66 21 civile
1861 1913 28 20 de
1903 1912 20 25 la
1934 1911 25 20 D.
1972 1909 27 22 N'.
2012 1909 33 20 8e*
2054 1908 113 25 direction,
2170 1903 48 24 "1er

1720 1946 96 20 bureau.-
1824 1945 30 24 B.,
1872 1943 103 26 envoyait
1999 1941 27 23 le*
2042 1941 30 23 '2%.
2092 1940 126 26 septembre

1721 1978 90 21 dernier,
1825 1978 14 20 à.
1856 1972 166 27 un.*lnféreœ-é<
2029 1973 100 23 hatiitant
2146 1973 71 20 Jette-

1719 2011 113 22 3t*-Pierre
1851 2014 31 17 un
1900 2010 57 21 avis.
1962 2005 103 30 in%>nmé
2083 2005 134 21 concernant

1719 2048 41 16 son
1772 2043 87 20 dossier
1870 2042 33 21 de*
1908 2041 98 26 pension.
2015 2039 49 26 "Le-s,
2070 2039 25 19 P.
2107 2038 24 20 T.
2143 2038 25 20 T.
2180 2039 38 18 onl

1721 2075 88 23 délivré:
1816 2076 34 20 cet
1857 2075 54 24 :avis
1924 2073 20 21 le
1953 2072 13 20 S
1978 2072 43 20 rftal
2031 2071 97 23 de_çette
2141 2070 76 23 année.

1718 2108 32 21 De
1773 2099 283 37 Sahtt:-"Jysse-te'n->toode
2073 2104 16 20 à
2110 2101 108 22 Jette-St-

1721 2140 83 25 Pierre;
1817 2138 95 27 il'(i*yvï
1926 2142 40 22 pas
1977 2135 87 22 sPlciin.
2074 2135 132 27 pourtant.:.

1781 2187 53 30 Les
1845 2176 224 41 mervèilleàdçs-
2076 2192 106 24 rayons
2192 2181 31 28 X

1755 2230 33 21 On
1803 2230 123 23 Installera,
1938 2229 24 26 *lçi
1975 2222 243 31 semaine'pro'chaine,

1724 2262 56 21 dans
1799 2267 29 15 un
1847 2261 40 21 des
1907 2260 108 25 hôpitaux
2032 2256 186 25 del'New-Yort,

1725 2296 30 18 un
1777 2297 105 18 nouveau
1905 2292 53 21 tube
1981 2291 32 21 de*
2032 2294 83 21 rayons
2138 2288 20 20 X
2180 2289 38 25 qui

1724 2325 124 27 possédera
1868 2329 43 16 une
1931 2323 120 27 puissance
2071 2322 30 21 dé
2119 2320 99 20 900.000

1724 2358 59 20 volts
1803 2358 24 20 et
1848 2357 38 25 qui
1905 2360 58 20 sera,
1978 2353 106 26 destiné,.
2088 2357 29 16 au
2140 2353 64 20 traite-

1724 2390 61 19 ment
1800 2390 31 20 du
1846 2392 89 16 cancer.
1949 2387 15 20 Il
1980 2386 91 31 jwriera
2087 2385 20 20 le
2122 2389 54 16 nom
2190 2384 28 20 de

1725 2421 53 21 tube
1801 2420 106 25 Coulkige
1929 2420 22 19 et
1971 2416 140 27 remplacera
2132 2415 86 28 l'açpa-

1724 2453 41 20 re!l
1791 2457 27 15 en
1845 2456 69 20 usage
1940 2449 161 21 actuellement
2126 2449 38 24 qui
2189 2452 29 15 ne

1724 2484 124 26 développe
1869 2483 82 25 qu'iuhe
1972 2482 120 26 puissance
2112 2480 28 21 de
2162 2480 56 20 trois

1725 2517 52 19 cent
1800 2515 60 20 mille
1886 2514 67 21 volts.
1976 2512 42 21 Les
2042 2512 114 21 électrons
2180 2511 38 25 qui

1725 2548 78 19 seront
1819 2547 56 20 émis
1891 2551 39 21 par
1945 2549 36 17 ses
1996 2544 123 21 radiations
2135 2544 69 19 attein-

1725 2579 66 23 dront
1817 2583 43 16 une
1886 2578 83 20 vitesse
1995 2580 98 22 presque
2118 2574 63 26 égale
2206 2574 12 20 à

1728 2610 56 21 celle
1811 2605 27 25 dé
1862 2610 24 20 la
1911 2607 93 23 lumière
2026 2607 49 20 soit
2102 2611 29 15 un
2174 2610 43 22 peu

1725 2636 72 26 moins
1815 2642 27 20 de
1861 2639 97 21 30A;0-00
1975 2638 131 21 kilomètres
2124 2642 40 22 par
2179 2642 26 16 se-

1726 2673 79 21 conde.

1755 2704 72 26 Après
1842 2704 62 20 avoir
1920 2702 99 22 traversé
2033 2707 30 15 un
2078 2702 61 25 épais
2154 2706 64 17 man-

1726 2736 58 21 ehon
1804 2736 27 20 de
1852 2736 83 22 cuivre,
1953 2732 34 23 les
2005 2738 86 21 rayons*
2104 2733 54 21 sont
2178 2738 27 15 en-

1727 2773 51 16 core
1805 2767 105 25 capables
1936 2765 205 26 d'impressionner,
2167 2769 52 22 par-

1726 2799 51 21 delk
1793 2804 44 15 une
1856 2799 45 20 tole
1918 2798 82 21 d'acier
2017 2797 21 26 4'
2040 2800 14 16 u
2055 2802 29 16 ne
2102 2794 117 27 épaisseur

1725 2831 27 20 de
1774 2832 36 20 dix
1829 2829 152 24 centimètres,
2001 2833 43 16 une
2063 2829 81 25 plaque
2165 2832 39 16 sen-

1724 2862 60 22 sible
1802 2861 101 21 destinée
1918 2861 17 25 >
1953 2862 21 19 la
1991 2860 165 26 radiographie.

1988 2914 38 24 La
2038 2913 111 26 voiture
2159 2910 62 28 X...

1725 2955 34 22 est
1778 2955 22 21 le
1814 2955 33 21 fin
1867 2955 28 21 du
1917 2954 31 21 fin
1959 2959 7 19 ;
1985 2955 22 20 la
2024 2953 84 22 voiture
2129 2952 40 21 Y...
2192 2958 29 15 un

1724 2988 59 21 rêve,
1804 2988 21 20 la
1846 2985 84 22 voiture
1949 2983 41 22 X...
2013 2985 21 20 la
2056 2984 119 26 perfection
2196 2983 26 20 de

1725 3018 21 21 la
1769 3018 125 25 perfection.
1918 3017 32 23 La
1971 3017 82 20 voiture
2072 3016 101 20 Minerva
2195 3020 27 15 ne

1726 3051 38 19 «ait
1780 3053 40 22 pas
1836 3049 27 20 de
1876 3048 95 22 miracle.
1990 3047 44 21 Klle
2048 3049 36 20 est.
2095 3047 126 24 supérieure

1725 3083 13 20 ii
1752 3082 77 20 toutes.

1809 3119 39 28 Le
1859 3119 132 31 fromage
2002 3122 29 22 et
2043 3117 181 28 l'Académie

1755 3159 143 27 Le'premier
1911 3159 111 21 lascieule
2036 3159 28 21 de
2079 3158 22 20 la
2114 3158 107 21 huitième

1725 3193 84 21 édition
1825 3193 31 20 du
1875 3200 10 9 •«
1904 3192 150 21 Dictionnaire
2074 3199 10 9 »
2103 3191 27 20 de
2148 3190 61 21 l'Aca-

1724 3226 73 20 démie
1817 3225 119 24 Française
1954 3229 53 15 sera
2027 3228 28 16 en
2073 3224 67 19 vente
2160 3227 62 16 mer*-

1724 3258 64 20 credi
1802 3257 117 26 prochain:
1935 3257 62 20 C'est
2014 3255 21 20 la
2050 3255 108 20 huitième
2178 3255 44 20 fois

1724 3290 81 26 depuis
1816 3294 28 17 sa
1856 3289 118 21 fondation
1987 3293 43 21 que
2045 3288 23 20 la
2078 3288 67 22 docte
2159 3292 50 16 com-

1724 3323 80 25 pagnie
1827 3322 30 20 du
1879 3321 71 26 palais
1971 3320 99 20 Mazarin
2077 3334 5 4 .
2092 3320 97 26 procède
2209 3319 14 20 à

1725 3359 43 16 une
1783 3353 113 27 complète
1910 3354 105 20 revision.
2065 3366 6 9 :
2072 3365 6 4 .
2104 3368 5 3 .

1756 3386 62 23 Dans
1843 3386 101 20 l'édition
1967 3385 114 23 nouvelle,
2103 3385 118 25 beaucoup

1724 3419 28 21 de
1773 3419 114 21 locutions
1908 3418 105 21 récentes
2036 3419 39 18 ont
2096 3422 56 20 reçu
2173 3417 50 20 leur

1725 3451 158 22 consécration
1896 3449 122 21 officielle.'
2025 3449 34 21 On
2073 3451 79 19 trouve
2166 3450 57 20 ainsi

1724 3483 57 23 dans
1796 3482 34 23 les
1846 3482 108 29 colonises
1968 3482 30 20 du
2017 3490 9 9 ««
2044 3482 123 20 thésaurus
2184 3490 9 9 «<
2217 3487 6 15 :

1728 3523 9 11 «■
1756 3515 96 21 aéronef
1871 3523 18 16 ««,
1911 3523 9 9 «■
1939 3514 135 21 aérodrome
2092 3523 19 15 ...
2131 3522 10 10 <■
2160 3514 50 21 avia-

1725 3548 52 21 teur
1794 3555 19 16 »«,
1833 3555 9 10 ««
1861 3547 107 22 aviatrice
1985 3554 20 16 »,
2022 3548 64 19 ete...
2106 3547 31 20 La
2151 3547 71 25 petite

1724 3580 70 23 reine,
1811 3580 22 20 la
1850 3578 129 27 bicyclette,
1996 3580 38 24 qui
2051 3580 60 19 avait
2129 3578 93 21 attendu

1727 3612 27 20 40
1768 3612 84 21 années
1866 3611 71 22 d'éti-e
1952 3613 113 20 reconnue
2079 3616 40 21 par
2133 3612 34 20 les
2180 3612 30 20 ha-

1725 3645 46 21 bits
1789 3645 70 23 verts,
1880 3645 41 19 fail
1940 3643 127 28 également
2085 3649 42 15 son
2145 3644 77 20 entrée

1725 3676 109 24 Officielle
1852 3676 63 21 dans:
1925 3677 26 20 la:
1963 3684 9 9 ««
1991 3676 87 20 Maison
2089 3685 26 14 .».

1755 3708 46 20 Par
1813 3710 87 23 contre,
1909 3708 37 21 les
1957 3708 163 22 académiciens
2133 3710 38 24 qui
2184 3710 39 19 ont

1725 3742 98 25 proscrit
1835 3745 31 16 un
1877 3741 87 21 certain
1973 3740 95 21 nombre
2077 3741 29 20 de
2116 3741 107 21 vocables

1725 3773 68 28 qu'ils
1807 3774 87 20 croient
1902 3772 94 24 ïûmbés
2010 3777 27 16 en
2049 3773 134 24 désuétude,
2197 3778 26 16 se

1725 3806 53 20 sont
1792 3805 102 21 montrés
1903 3804 212 28 çartlQUlièrement
2131 3806 92 20 sévères

1724 3842 59 22 pour
1804 3838 34 20 les
1862 3838 120 26 fromages.
2003 3837 30 21 Ils
2057 3839 40 19 ont
2120 3839 57 20 biffé
2202 3839 20 20 le

1730 3878 8 9 ««
1759 3870 139 20 camembert
1912 3878 14 9 -o
1946 3871 24 21 et
1986 3869 22 21 le
2028 3870 110 21 «Cantal
2156 3878 18 14 ».
2193 3870 31 20 La

1725 3903 154 25 gastronomie
1895 3904 36 21 est
1945 3907 28 16 en
1987 3902 67 21 deuil.
2070 3903 47 23 Que
2132 3908 28 15 va
2175 3903 48 21 dire

1727 3934 19 21 le
1760 3934 56 21 Club
1830 3935 41 20 des
1885 3934 57 21 Cent
1955 3934 10 21 ?

1887 3978 116 28 Severin
2014 3978 110 34 Frères,
2137 3980 31 27 S.
2184 3980 39 27 A.

1725 4024 4 4 '
1753 4019 246 23 «Couturiers-fourceurs
2008 4019 63 24 de*S.
2083 4021 29 23 M.
2125 4021 21 22 la
2159 4021 66 22 Reine

1723 4052 106 24 ■présente
1842 4049 153 23 actueAlement
2007 4056 34 16 sa:
2045 4053 94 22 seconde
2149 4053 68 21 collec-

1729 4083 46 22 tion
1791 4086 28 20 de
1837 4084 130 24 printemps,
1983 4084 55 20 tous,
2051 4085 31 19 les
2098 4085 125 25 après-midi

1729 4116 13 20 k
1758 4115 12 21 3
1786 4115 84 22 heures.
1889 4114 71 24 Prière
1974 4114 28 21 de
2015 4115 97 22 réserver
2127 4121 36 15 ses
2179 4115 35 27 pla-

1729 4150 42 19 ces.

1937 4178 46 29 Un
1994 4178 93 28 émule
2099 4180 36 27 de
2148 4180 79 28 Ford

1912 4223 37 19 en
1970 4213 256 35 Tchécoslovaquie

1760 4256 29 24 Le
1811 4257 72 25 grand
1903 4257 94 25 magnat
2018 4257 29 20 de
2068 4258 154 20 l'automobile

1729 4288 106 26 possède,
1862 4288 107 26 paraît-il,
2011 4290 38 20 un'
2077 4289 90 25 .émule,
2192 4294 29 16 un

1731 4319 218 27 Tcbécoslova-que..
1967 4318 57 21 Mais
2049 4324 28 18 au
2087 4340 4 3 .
2106 4320 44 21 lieu
2191 4321 28 20 de

1729 4351 118 25 fabriquer
1866 4352 43 20 deâ
1928 4351 111 21 voitures/
2049 4354 23 19 et
2092 4352 41 21 des
2155 4353 54 20 châs-

1728 4383 39 23 sis-,
1788 4384 40 20 Son
1849 4383 56 20 rival
1925 4383 37 26 (jçii
1979 4382 109 26 s'appelle
2109 4383 29 21 M.
2158 4384 63 24 Bâta,

1726 4412 54 21 s'est
1797 4413 115 22 '-contenté,
1933 4412 27 21 de
1986 4420 9 9 <«
2020 4413 83 21 tcu6ter
2122 4422 9 10 »
2157 4414 66 21 d'une

1729 4447 66 24 façon
1815 4446 177 26 excepUimnalle
2011 4446 164 23 le-commerce
2193 4447 28 21 de

1721 4478 30 23 .la
1763 4477 137 22 -chaussure.

1759 4508 31 21 M.
1809 4509 57 20 Bâta
1884 4510 58 25 qui,-
1948 4509 55 22 dans
2020 4513 39 16 ses
2080 4509 83 25 usinés,
2182 4515 26 16 oc-

1730 4545 63 21 cupe,
1810 4541 50 25 plus
1880 4541 32 21 d»
1934 4538 50 23 100.
1987 4539 59 21 OOO**
2054 4542 109 24 ouvriers,
2186 4542 24 20 fa-

1726 4570 79 26 brique
1823 4587 4 4 .
1852 4571 204 25 quotidiennement
2100 4572 51 25 pius
2197 4573 28 19 de

1731 4603 97 21 130.000
1847 4604 119 25 palre-gde
1984 4602 103 23 so-uliei-s.
2106 4605 15 21 I]
2140 4610 14 15 a
2170 4605 39 21 fon-

1729 4634 28 22 dé
1774 4635 41 20 des
1832 4636 37 21 mil
1872 4636 53 20 liens
1936 4636 32 21 «de
1987 4636 97 21 maisons
2104 4637 118 21 familiales

1730 4671 55 15 avec
1805 4667 75 24 Jardin
1894 4669 32 19 «tt
1944 4666 73 23 salle-
2037 4666 28 22 de
2102 4668 58 23 bain,
2181 4668 42 21 des

1730 4697 83 23 écoles,
1831 4698 40 21 ti-es
1890 4698 106 27 etdlèges.
2011 4699 44 20 aies
2072 4700 66 20 clubs
2154 4705 57 21 spor-

1726 4727 48 24 tifs,
1785 4728 42 20 des
1839 4728 135 22 théàtré-stet
1985 4728 156 22 d«2*-cJnémas.

1760 4754 31 28 il.
1812 4761 62 24 Bâta,
1892 4761 57 22 dortt
1968 4760 21 22 la
2006 4761 92 23 ûirtune
2119 4764 104 20 s'accroît

1728 4796 56 17 sans
1792 4804 3 4 ■
1802 4798 72 19 cesse,
1892 4793 143 23 eut"-cpmine
2049 4793 58 22 Ford
2123 4795 40 20 dès
2181 4795 27 20 dé-

1730 4823 55 21 buts
1800 4824 126 23 modestes.
1939 4824 24 21 Il
1976 4825 37 19 est
2029 4825 89 24 devenu
2133 4826 21 21 le
2171 4831 39 21 pre-

1731 4855 57 22 mier
1800 4855 147 23 .çordon-ûlèr
1969 4855 134 22 du«-:*mondè
2143 4858 80 20 entier.

1731 4884 60 23 C'est
1814 4887 21 20 le
1860 4889 44 22 cas;
1921 4887 27 24 ig
1971 4886 63 24 dii-e:
2056 4892 43 21 que
2114 4901 6 4 -
2137 4889 39 20 lui.
2193 4889 29 20 du

1727 4916 73 21 moins
1819 4933 12 4 _
1846 4913 248 29 trourfceiiaussjire.à
2109 4923 46 20 son;
2168 4919 57 27 pied.

1941 4970 112 28 Crottes
2065 4971 36 28 de
2114 4972 70 28 Han

1933 5009 11 21 i
1983 5009 31 23 et
2024 5005 36 28 de
2071 5006 157 29 Rochefort

1754 5045 31 22 La
1802 5046 50 25 plus
1868 5044 192 30 be-IlçiexcuBsabn.

2268 1617 30 20 Le
2309 1617 27 20 SD
2348 1617 42 20 mai
2403 1615 114 26 prochain,
2530 1614 17 21 il
2558 1618 15 20 y
2586 1618 56 16 aura
2655 1614 35 20 tss
2703 1616 42 17 ans

2244 1653 44 20 Que
2312 1650 84 24 naquit,
2411 1649 16 20 â
2449 1647 107 23 Londres,
2571 1647 75 20 James
2669 1646 77 21 Stuart

2245 1681 53 24 Mill,
2309 1681 21 22 ls
2340 1680 131 26 philosophe
2481 1681 21 20 et
2514 1679 133 21 économiste
2658 1678 87 25 anglais

2244 1713 22 27 le,
2276 1714 51 25 plus
2336 1712 155 26 remarquable
2502 1713 30 19 du
2542 1712 61 20 XIXe
2615 1710 74 22 siècle.
2699 1711 45 20 Fils

2244 1746 28 21 de
2288 1746 129 24 l'historien,
2430 1744 129 27 philosophe
2575 1746 21 18 el
2611 1744 134 20 économiste

2246 1779 72 20 lames
2330 1778 55 22 Mill,
2397 1778 16 25 il
2424 1778 114 25 fil-toutes
2552 1782 36 15 ses
2600 1776 79 21 études
2692 1776 53 20 étiez

2245 1815 40 16 son
2299 1810 60 26 père.
2373 1809 48 22 Mill
2436 1815 14 16 a
2463 1810 65 20 traité
2544 1811 50 19 tous
2608 1808 33 21 les
2657 1809 77 25 problè-

2246 1848 45 15 mes
2308 1843 134 20 d'économie
2458 1842 106 26 politique
2581 1842 38 25 qui
2635 1845 57 17 -nous
2708 1845 37 16 as-

2247 1876 87 20 saillent
2353 1875 136 21 maintenant
2511 1876 21 19 et
2553 1879 28 15 on
2600 1874 68 24 ferait
2688 1874 57 23 bien,

2243 1908 57 20 dans
2317 1908 33 20 les
2369 1907 91 21 milieux
2476 1907 222 25 goui-ernementauii-
2716 1906 28 20 de

2246 1941 45 19 I9SI
2305 1940 27 20 de
2347 1940 115 20 consulter
2475 1944 36 16 ses
2526 1942 119 21 ouvrages,
2658 1939 75 19 notam-

2245 1974 60 21 ment
2323 1977 36 15 ses
2377 1989 11 4 _
2406 1973 83 24 Essays
2506 1977 29 16 on
2552 1976 62 17 some
2631 1972 113 21 unsettled

2283 2005 114 26 questions
2411 2005 26 24 r.f
2451 2004 98 27 political
2565 2009 107 20 economy
2688 2012 17 13 *.

2247 2056 495 25 JliilillIlllllillllllHIMIllUliilllllllllllllllil

2253 2116 124 78 En
2407 2116 263 110 Marg
2674 2136 53 59 e

2283 2250 45 46 La
2352 2247 151 49 "mine"
2527 2249 188 47 souriante

2267 2355 27 21 Je
2305 2355 48 20 suis
2365 2354 44 21 allé
2424 2355 53 23 voir,
2490 2354 80 20 l'autre
2582 2353 60 25 jour,
2655 2353 21 20 le
2690 2352 45 21 deu-

2244 2383 72 25 xième
2339 2387 66 20 Salon
2428 2387 40 20 des
2492 2387 147 23 Humoristes,
2654 2384 91 22 vistatté

2244 2421 55 19 itans
2316 2425 42 15 une
2372 2420 84 25 galerie
2471 2419 28 20 de
2514 2419 105 20 tableaux
2634 2419 29 19 de
2678 2419 55 19 l'ave-

2245 2458 44 14 nue
2303 2453 27 19 de
2345 2453 21 19 ta
2383 2453 79 19 Toison
2476 2451 59 21 d'Or.

2268 2491 50 24 Car,
2338 2492 52 20 n'en
2410 2490 100 26 déplaise
2528 2490 14 22 à
2563 2491 104 23 certains,
2687 2494 58 16 nous

2244 2524 68 21 avolis
2330 2525 40 19 des
2387 2524 141 20 humoristes.
2547 2524 29 20 Le
2593 2523 98 26 premier
2708 2526 26 17 sa-

2246 2557 36 21 lon
2296 2558 23 22 ,U
2332 2562 15 20 y
2361 2561 14 16 a
2389 2561 31 17 un
2433 2561 37 19 an,
2483 2560 58 16 nous
2557 2561 27 15 en
2596 2556 60 20 avait
2670 2555 75 21 révélé

2245 2589 175 25 quelques-uns;
2437 2593 25 17 ce
2477 2588 116 21 deuxième
2609 2588 63 21 salon
2679 2592 66 16 nous

2246 2622 104 24 présente
2369 2626 43 15 une
2430 2622 110 21 trentaine
2557 2621 29 21 de
2603 2625 71 19 noms,
2693 2620 54 20 dont

2246 2655 94 19 certains
2359 2658 79 17 encore
2455 2654 116 23 inconnus,
2589 2653 56 22 mais
2664 2657 42 21 que
2724 2652 22 20 ta

2246 2686 106 20 notoriété
2368 2696 24 4 —
2407 2691 29 15 ne
2451 2686 76 20 disons
2542 2690 41 20 pas
2599 2685 22 20 la
2637 2685 71 26 gloire
2721 2694 26 5 —

2245 2718 75 20 attend
2336 2723 30 16 au
2381 2718 106 25 prochain
2503 2717 129 22 tournant...

2271 2751 82 24 Certes,
2375 2756 28 16 on
2424 2756 15 20 y
2459 2752 111 22 retrouve,
2590 2751 67 23 de-ci,
2678 2750 68 24 de-là,

2246 2783 107 25 quelques
2385 2783 171 20 réminiscences
2601 2783 146 25 parisiennes,

2246 2816 55 19 mais
2317 2816 15 19 il
2349 2815 72 25 fallait
2438 2817 34 23 s'y
2489 2816 102 21 attendre
2607 2817 23 19 et
2646 2820 26 16 ce
2688 2816 58 19 n'esl

2246 2848 79 24 ■jamais
2336 2853 44 20 que
2391 2847 32 22 du
2434 2848 98 25 parisien
2544 2848 13 20 à
2570 2849 22 19 la
2604 2848 142 21 bruxelloise.

2246 2880 35 24 Or,
2294 2885 26 17 ce
2333 2880 104 25 mélange
2450 2881 57 23 n'çst
2520 2885 42 20 pas
2573 2880 32 24 dw
2618 2881 49 24 tout
2680 2880 56 21 désa-

2247 2912 89 25 gréable
2348 2913 22 19 et
2382 2914 21 19 le
2414 2912 81 26 -public'
2501 2923 26 4 —
2527 2913 48 20 'car
2585 2911 18 22 il
2615 2918 16 20 y
2643 2914 64 19 avait
2715 2913 32 20 du

2247 2945 81 24 public,
2345 2946 21 19 et
2383 2945 124 22 nombreux
2523 2955 25 5 —
2563 2943 82 24 n'avait
2659 2946 15 22 <%
2688 2945 59 24 faire

2245 2978 46 20 nul'
2302 2977 68 23 effort
2387 2981 58 21 pour
2459 2978 129 24 conformer
2600 2981 25 18 sa
2642 2978 59 20 mine
2716 2981 30 16 au

2247 3010 82 19 consed
2356 3009 35 20 lui
2417 3010 85 24 donnée
2520 3010 40 20 dès
2589 3010 22 20 le
2637 3010 83 25 porche
2733 3015 13 16 .:

2247 3043 35 23 qu'
2296 3050 11 12 &
2318 3041 43 21 elle
2374 3050 10 13 o
2398 3043 42 19 soit
2453 3043 114 20 souriante
2579 3043 9 19 !

2271 3080 75 21 Parmi
2367 3081 33 20 les
2421 3082 127 24 exposants,
2568 3082 53 21 dont
2642 3082 21 20 ta
2683 3082 64 19 veine

2247 3113 162 21 d'observation
2421 3115 73 25 paraît
2506 3114 21 20 la
2539 3115 52 24 plus
2603 3115 68 23 riche,
2682 3116 24 23 je
2717 3115 20 20 ci-

2247 3147 54 19 terai
2314 3146 68 20 Aneia
2395 3156 25 5 —
2431 3151 41 15 son
2485 3155 9 9 «
2509 3146 140 22 observation
2662 3155 10 10 »
2686 3148 22 20 et
2721 3151 26 16 sa

2259 3178 83 21 Bourse
2355 3183 27 15 en
2396 3179 72 25 temps
2482 3179 28 20 de
2521 3180 58 20 crise
2593 3188 9 9 »
2616 3180 51 20 sont
2680 3180 67 20 d'une

2248 3210 156 25 bouffonnerie
2421 3211 130 22 irrésistible
2565 3222 26 4 —
2606 3212 83 20 Marcel
2704 3213 33 20 An-

2248 3244 59 19 toine
2323 3253 25 4 —
2365 3248 41 16 son
2425 3252 9 9 «
2454 3244 82 20 athlète
2555 3244 97 25 complet
2670 3253 19 16 »,
2706 3249 42 16 son

2249 3283 8 10 »
2271 3276 51 24 prix
2336 3276 28 20 de
2377 3276 79 20 beauté
2472 3285 17 14 »_
2503 3281 25 15 sa
2543 3286 9 8 «
2567 3278 58 23 foire
2639 3281 98 17 commer-

2248 3308 54 20 ciale
2314 3317 11 10 u
2339 3310 37 19 ont
2388 3309 40 19 des
2441 3309 106 24 légendes
2559 3311 62 19 aussi
2634 3310 103 24 spirituel-

2248 3341 31 18 les
2291 3345 44 20 que
2347 3341 33 20 les
2392 3341 126 20 humanités
2530 3342 110 23 évoquées
2652 3347 43 20 par
2706 3346 41 16 son

2248 3377 82 19 crayon
2348 3383 25 4 —
2392 3373 27 20 de
2440 3374 83 23 Groux,
2540 3375 38 23 qui
2596 3379 14 16 a
2628 3379 31 15 un
2677 3374 70 25 faible

2247 3409 57 21 pour
2317 3405 33 21 les
2362 3405 117 24 nudistes;
2492 3406 81 20 Romeo
2588 3407 122 21 Dumoulin
2723 3417 26 5 —

2248 3442 24 15 sa
2289 3446 9 9 «
2315 3436 59 26 foire
2388 3443 46 15 aux
2451 3439 89 19 croûtes
2558 3448 9 9 »
2585 3441 34 19 est
2635 3440 54 19 d'un
2706 3440 30 20 hu-

2249 3474 63 15 mour
2325 3470 76 23 féroce
2409 3487 4 6 ,
2413 3481 26 4 —
2453 3471 39 24 Ex,
2506 3471 50 20 bien
2570 3476 81 20 connu,
2665 3473 23 19 et
2703 3473 44 24 qui,

2248 3506 27 16 en
2290 3502 60 20 deux
2366 3503 83 20 droites
2465 3504 22 21 et
2503 3503 54 21 trois
2573 3504 102 24 courbes,
2691 3509 56 16 vous

2248 3533 75 25 plante
2335 3535 145 24 Mistinguett,
2492 3540 29 15 ou
2533 3535 102 26 Tardieu,
2647 3542 29 15 ou
2687 3537 50 20 Dau-

2249 3566 36 20 det
2290 3572 8 18 ;
2332 3568 96 24 Jacques
2449 3568 119 24 Henriette,
2587 3569 81 25 Hergé,
2688 3569 60 24 Klec,

2249 3598 84 24 Lenoir,
2351 3599 64 24 Ochs,
2429 3600 15 20 't
2459 3601 48 23 Sas,
2522 3601 51 20 Max
2588 3602 96 24 Servais,
2701 3602 46 20 Van

2250 3631 40 20 der
2305 3631 55 25 Elst,
2380 3633 81 20 Wilcar
2475 3633 98 24 forment
2589 3638 31 15 un
2637 3634 112 21 ensemble

2249 3664 112 24 attrayant
2376 3665 21 20 et
2413 3665 109 20 certaines
2538 3665 28 20 de
2583 3666 61 21 leurs
2661 3671 76 20 compo-

2249 3696 76 20 sitions
2342 3697 125 23 paraissent
2483 3698 69 24 faites
2568 3703 29 15 au
2614 3699 81 20 vitriol.

2271 3728 130 21 N'oublions
2421 3734 42 19 pas
2481 3730 96 22 Amédée
2599 3731 83 24 Lynen,
2702 3736 47 16 aux

2249 3761 165 24 remarquables
2425 3762 134 24 aquarelles,
2569 3765 23 19 ni
2605 3764 32 21 les
2650 3764 97 25 usinges»

2250 3792 25 21 ■Xe
2289 3793 116 21 Germaine
2417 3794 133 25 Hagemans,
2563 3796 22 19 ni
2598 3796 33 20 les
2643 3804 10 10 «
2666 3797 57 19 têtes
2737 3804 10 10 »

2249 3825 89 26 d'Hfnri
2354 3826 107 21 Lemaire.
2477 3827 33 21 De
2526 3832 26 16 ce
2568 3828 97 24 dernier,
2682 3829 56 19 méri-

2250 3857 45 20 tent
2308 3863 42 15 une
2363 3859 81 20 station
2457 3859 120 25 prolongée
2590 3860 21 21 le
2624 3870 9 8 ■>
2647 3862 101 19 souriant

2251 3890 116 20 secrétaire
2386 3891 116 24 perpétuel
2522 3892 27 22 de
2568 3892 133 22 l'Académie
2720 3893 28 21 de

2249 3921 104 26 Belgique
2369 3931 17 15 •>_
2401 3928 40 16 son
2456 3932 9 9 «
2481 3925 94 24 portrait
2590 3926 53 20 d'un
2658 3930 81 17 conser-

2251 3954 76 21 vateur,
2341 3959 27 16 en
2381 3955 52 25 chef
2445 3955 39 22 des
2496 3957 139 21 Beaux-Arts
2648 3966 10 10 »
2672 3959 22 20 et
2706 3963 42 16 son

2251 3986 110 22 «homme
2375 3987 28 21 de
2417 3988 22 19 la
2452 3989 109 24 frontière
2576 3998 10 11 »
2603 3995 28 15 en
2645 3992 38 23 qui
2699 3991 49 20 tout

2249 4018 20 21 le
2285 4019 80 20 monde
2380 4022 114 19 reconnaît
2511 4022 20 21 la
2548 4022 156 26 sympathique
2718 4024 20 23 fi-

2249 4055 56 20 gure
2316 4051 27 21 de
2353 4054 34 19 cet
2397 4053 44 19 ami
2451 4053 28 21 de
2490 4054 51 20 tous
2553 4054 33 20 les
2595 4055 153 24 journalistes,

2249 4083 28 20 le.
2283 4083 85 21 colonel
2381 4085 24 20 L.
2420 4085 23 20 T.

2273 4116 151 21 L'animateur
2442 4118 30 20 du
2493 4127 9 11 «
2522 4118 66 21 Salon
2607 4119 40 21 des
2665 4120 72 20 Humo-

2250 4148 64 20 ristes
2330 4157 21 14 j>.
2369 4149 109 21 l'aimable
2495 4151 84 20 Marcel
2594 4152 101 24 Antoine,
2712 4155 36 18 me

2249 4180 66 21 disait
2332 4186 40 16 son
2390 4182 34 24 vif
2440 4183 61 20 désir
2518 4183 28 20 de
2566 4184 46 20 voir
2629 4184 22 20 la
2668 4185 80 24 presse

2248 4212 109 24 réserver,
2372 4214 56 21 dans
2443 4219 36 16 ses
2494 4215 112 24 colonnes,
2620 4221 45 16 une
2679 4218 68 23 petite

2249 4244 63 25 place
2330 4245 14 21 à
2363 4250 41 15 nos
2422 4246 134 21 humoristes
2577 4248 53 20 dont
2651 4249 96 20 certains

2250 4278 48 19 sont
2310 4278 52 23 plus
2375 4283 85 16 cojinus
2473 4281 21 18 et
2504 4280 116 24 appréciés
2633 4280 13 21 à
2658 4281 79 21 l'étran-

2249 4313 40 20 ger
2303 4314 43 20 que
2360 4310 53 21 chez
2427 4316 64 16 nous.
2507 4312 57 24 Qu'il
2579 4314 42 19 soit
2635 4315 112 23 persuadé

2249 4345 42 20 que
2303 4343 39 19 nul
2354 4342 52 25 plus
2419 4348 43 20 que
2473 4345 43 19 moi
2527 4349 29 15 ne
2567 4345 68 21 serait
2645 4345 102 24 heureux

2249 4372 27 21 de
2295 4374 48 21 voir
2361 4375 32 20 les
2411 4377 115 23 journaux
2545 4377 130 25 reproduire
2694 4379 53 25 plus

2249 4407 93 19 souvent
2355 4407 40 19 des
2409 4412 87 18 œuvres
2510 4408 28 20 de
2551 4413 41 16 jiqs
2604 4409 143 28 humoristes,

2248 4437 12 20 à
2272 4438 87 23 l'instar
2368 4439 40 21 des
2418 4440 114 23 journaux
2543 4441 99 25 français
2653 4453 27 5 —
2691 4445 56 20 mais

2248 4469 50 21 oui!
2314 4480 25 5 —
2353 4471 23 21 et
2391 4473 62 19 aussi
2468 4472 40 20 des
2523 4473 115 24 journaux
2652 4472 94 29 anglais,

2250 4506 28 16 ou
2299 4502 130 25 allemands,
2449 4509 29 15 ou
2500 4505 94 24 italiens,
2615 4511 31 17 ou
2666 4504 73 25 améri-

2249 4534 66 22 cains.
2328 4536 111 24 Pourquoi
2452 4541 48 20 pas,
2512 4538 66 23 après
2591 4539 63 21 tout?
2666 4541 20 20 Jl
2697 4539 40 28 suf-

2248 4567 61 23 firait
2324 4568 49 20 d'en
2387 4569 97 23 prendre
2500 4569 144 24 l'habitude...

2508 4602 59 20 René
2583 4603 140 24 CLERIAXE.

1213 5222 29 20 La
1265 5222 12 20 'u
1293 5222 89 25 Banque
1406 5219 153 29 d'Angletefre
1577 5232 17 13 ».
1611 5223 22 20 la
1656 5223 52 24 plus

1213 5254 105 21 anclenn'e
1333 5255 86 25 banque
1433 5256 28 19 de
1474 5256 62 20 notre
1552 5255 84 24 époque
1652 5256 21 20 et
1687 5255 22 19 la

1212 5286 106 25 première
1333 5289 38 23 qui
1387 5288 59 22 émit,
1462 5292 28 15 en
1507 5289 52 21 1694,
1575 5286 30 21 dû
1619 5288 89 24 papier-

1214 5319 106 23 monnaie,
1343 5320 58 20 vient
1423 5319 27 20 de
1472 5318 99 26 changer
1591 5319 108 25 complète-

1214 5352 58 19 ment
1289 5351 106 25 d'aspect.
1411 5351 32 21 En
1458 5351 73 24 pleine
1548 5352 46 19 Cité
1611 5351 28 21 de
1654 5352 44 19 Lon-

1214 5382 58 24 dres,
1282 5383 42 20 elle
1335 5388 13 15 a
1359 5383 78 20 résisté
1448 5387 28 15 en
1487 5384 95 24 quelque
1594 5384 59 19 sorte
1664 5384 13 19 à
1689 5384 21 20 ta

1215 5422 8 9 «
1233 5414 54 24 folie
1297 5414 40 21 des
1346 5414 127 26 grandeurs
1484 5423 9 10 »
1503 5414 37 26 qui
1549 5416 100 24 poussait
1660 5416 50 19 tous

1214 5446 32 20 les
1262 5447 131 20 immeubles
1409 5451 50 15 vers
1475 5446 21 21 le
1511 5447 48 20 ciel.
1575 5447 33 20 On
1622 5448 89 20 connaît

1213 5482 24 16 sa
1251 5475 117 25 silhouette
1382 5478 77 20 sévère
1471 5480 22 18 et
1506 5484 44 19 peu
1563 5479 82 24 élevée,
1658 5484 52 20 par-

1207 5511 35 22 ,mi
1253 5512 47 20 tant
1307 5511 29 19 de
1346 5510 95 20 bâtisses
1451 5509 133 22 surélevées.
1594 5511 47 20 EUe
1652 5512 59 20 vient

1214 5541 26 21 de
1253 5542 104 24 sacrifier
1368 5546 29 15 au
1409 5537 53 29 g'oiit
1475 5541 31 21 du
1518 5543 53 24 jour
1583 5545 25 18 et
1619 5544 54 19 voici
1685 5548 24 15 sa

1297 5573 103 21 nouvelle
1413 5574 79 26 façade
1504 5575 122 23 surélevée.

1730 5134 182 37 Arrestation
1935 5135 71 36 d'an
2026 5140 204 41 conspirateur

1918 5193 126 39 laponah

1756 5286 75 24 Tokio,
1849 5287 23 19 IS
1887 5286 55 23 awii
1954 5296 25 6 —
1994 5281 42 33 L^
2040 5288 69 25 police
2128 5294 12 16 &
2156 5289 72 20 arrêté

1731 5314 39 24 un'
1777 5319 88 20 nommé
1876 5318 96 22 Ifctlsshl
1986 5319 137 23 T«afcabatace
2135 5321 39 25 qui
2189 5326 29 15 au-

1731 5350 52 20 rait.
1788 5351 77 20 -avoué
1887 5352 46 19 «re
1955 5350 99 22 l'autear
2073 5352 27 20 de
2117 5353 112 20 l'attentat

1732 5383 92 19 commis
1839 5383 20 20 le
1873 5382 13 21 2
1891 5379 53 24 ^nî-ai
1959 5383 94 24 déni-fer,
2061 5389 29 15 au
2107 5389 65 16 cours
2185 5385 30 20 du-

1732 5415 53 24 quel
1803 5419 43 17 uiûe
1863 5415 80 20 bombe
1960 5412 13 23 à
1992 5414 75 25 éclata
2080 5421 28 16 au
2126 5417 103 21 domicile

1733 5446 27 20 de
1774 5446 30 21 M.
1819 5447 79 25 Inouy,
1912 5447 101 20 ministre
2024 5451 47 18 des-
2081 5448 107 22 finances.

1745 5478 150 22 -Takabatace
1906 5479 34 20 est
1952 5476 100 24 Membre
2062 5480 59 22 d'un-
2127 5481 89 26 organis-

1731 5510 214 24 me-réactionnaire
1962 5511 143 22 défavorable
2120 5518 35 15 au-
2166 5513 64 20 traité

1731 5542 67 21 naval
1811 5543 27 20 de
1852 5542 99 21 Londres
1963 5545 21 18 et
1998 5544 13 19 à
2024 5543 20 21 la
2059 5544 105 27 politique
2179 5545 37 21 éco-

1734 5575 102 26 nomique
1852 5575 31 20 du
1897 5572 181 29 gouvarne^jenf.
2092 5597 7 3 .
2118 5584 13 15 r.

2250 4683 184 62 Graves
2446 4687 302 64 Avalanches

2364 4786 58 36 en
2460 4762 173 64 Savoie
2663 4807 8 13 -

2341 4876 181 22 IMPORTANTS
2546 4878 107 21 DEGATS

2274 4948 113 25 Moutiers,
2405 4949 24 20 18
2446 4949 50 22 mal.
2513 4959 24 5 —
2554 4952 19 19 A
2591 4951 21 21 la
2628 4952 59 21 suite
2701 4951 46 21 'des

2252 4982 105 21 chaleurs
2381 4983 27 20 de
2432 4987 38 16 ces
2489 4983 71 25 Jours
2582 4984 110 25 derniers,
2699 4998 5 4 •
2715 4985 30 21 de

2251 5016 90 21 grosses
2361 5012 133 23 avalanches
2515 5018 24 16 se
2561 5015 51 20 sont
2633 5015 117 26 produites

2253 5046 49 20 hier
2318 5047 56 20 dans
2390 5046 21 21 le
2429 5047 86 22 torrent
2534 5048 40 20 des
2592 5047 109 26 Glaciers,
2719 5053 28 15 en

2253 5077 69 21 haute
2334 5078 131 24 montagne,
2480 5079 64 20 entre
2558 5079 21 20 le
2594 5079 116 27 Chapieux
2725 5083 24 19 et

2254 5107 102 27 Soioges,
2367 5124 4 4 .
2380 5108 13 20 à
2418 5108 67 20 2.780
2511 5109 84 22 mètres
2621 5110 127 24 d'altitude,

2253 5140 13 19 à
2287 5141 36 19 six
2346 5140 72 20 lieues
2441 5141 27 20 de
2490 5141 93 21 marche
2607 5143 27 20 de
2659 5141 89 26 Bcrarg-

2253 5170 185 21 Saint-Maurlce.

2285 5202 30 20 La
2331 5207 72 21 vague
2417 5207 13 16 a
2445 5203 86 20 déferlé
2546 5208 55 17 avec
2617 5205 66 23 furie,
2700 5205 37 20 d'a-

2253 5233 57 22 bord
2329 5234 56 20 dans
2404 5235 21 19 la
2443 5238 69 21 gorge
2532 5236 27 20 de
2578 5235 103 26 Sologes,
2700 5240 36 17 em-

2255 5266 90 24 portant
2360 5266 20 19 le
2395 5264 87 21 cheanin
2498 5266 41 21 des
2552 5266 93 25 Mottes,
2660 5267 89 21 ensuite

2255 5296 56 20 dans
2328 5296 24 20 la
2373 5296 83 26 plaine,
2466 5297 50 23 des,
2528 5297 122 27 Chapieux,
2670 5299 81 19 rasant

2255 5326 13 21 h
2289 5328 23 22 la
2324 5325 64 23 'base
2412 5327 50 20 huit
2484 5328 123 22 bâtiments
2631 5329 118 21 militaires

2253 5363 43 15 sur
2315 5358 27 21 1*2
2360 5359 38 25 qui
2414 5358 135 23 s'élevaient
2566 5359 13 21 à
2598 5364 37 20 cet
2651 5359 99 22 endroit.

2286 5389 43 21 Les
2347 5389 80 26 dégâts
2446 5393 97 22 peuvent
2561 5392 49 20 être
2627 5390 92 22 évalués
2736 5391 16 22 il

2256 5420 98 21 700.000
2372 5422 84 19 francs.

2286 5451 31 21 La
2337 5446 66 27 raùte
2423 5452 41 20 des
2485 5452 115 26 Chapieux
2620 5457 38 19 est
2677 5455 60 20 Inter-

2255 5488 94 20 rompue
2365 5488 59 21 pour
2439 5488 30 15 un
2485 5485 65 19 mois.

2287 5514 29 20 Le
2339 5515 86 20 service
2447 5515 30 20 du
2498 5515 65 24 génie
2586 5517 21 19 te
2629 5517 69 20 celui-
2709 5517 41 21 des

2257 5544 71 21 Ponts
2354 5547 23 19 et
2403 5545 127 21 Chaussées
2557 5549 54 20 so&t
2633 5552 44 16 sur
2715 5549 35 20 les

2255 5577 68 20 lieux.
2690 5589 4 3 .
2705 5589 6 4 .
2748 5588 4 5 .

2774 938 28 59 A
2807 952 26 46 u
2846 938 54 61 Co
2905 936 111 61 nseil
3026 936 53 59 de
3092 935 27 60 C
3122 934 146 61 abinet

2801 1061 66 36 Plus
2881 1062 34 35 tie
2931 1061 143 42 dépenses
3088 1058 150 37 nouvelles

2805 1118 70 29 sans
2890 1111 129 36 recettes
3034 1110 200 41 équivalentes

2794 1199 40 25 Lçs
2857 1200 110 19 membres
2993 1198 29 21 du
3045 1198 182 25 gouvernement,
3244 1200 24 18 se

2769 1232 51 20 sont
2838 1228 76 24 réù'nis
2934 1236 26 15 en
2972 1231 92 20 -conseil
3082 1228 73 26 lundi",
3173 1233 58 17 sous*
3247 1229 20 20 la

2768 1264 131 26 présidence
2921 1264 28 21 de
2970 1262 28 21 M.
3017 1262 78 22 Hebri:
3102 1263 105 26 "Jaspar;-'
3215 1262 42 21 Pre-

2770 1297 57 20 mier
2842 1297 107 21 Ministre.
2993 1301 12 24 ;•
3040 1304 4 6 *
3044 1295 4 16 :

2946 1343 5 5 -
2974 1333 99 24 Affaires
3097 1335 144 25 étrangères."

2795 1375 29 21 M.
2837 1375 21 23 le
2873 1374 118 20 Premier*:
2990 1373 96 21 Ministre
3094 1375 18 20 'a
3126 1374 42 20 ït.is
3184 1373 19 21 le
3213 1371 43 23 'con-

2768 1407 42 21 seil
2822 1412 28 16 au
2863 1405 93 23 courart't
2968 1406 39 21 des
3019 1397 208 36 infarmations'giii'
3238 1405 30 20 lui

2769 1437 39 22 oht
2818 1439 34 21 été
2863 1439 131 21 transmises
3005 1443 40 22 par
3052 1438 29 21 M.
3091 1430 132 31 le'Miiiistrë
3232 1437 39 22 dés

2768 1471 100 21 Affaires
2888 1471 134 26 Etrangères
3031 1468 5 6 '
3043 1473 29 19 au
3090 1466 71 29 sujet'
3174 1465 49 26 dès'
3233 1470 34 21 di-

2768 1509 78 18 yere«?6
2865 1504 107 21 réunions
2990 1504 26 20 de
3037 1502 100 22 Genève.'

2935 1546 201 29 L'Enseignement
3150 1555 88 20 moyen.

2793 1589 39 22 Le'
2841 1590 86 21 Conseil
2939 1595 12 15 a
2968 1588 76 22 décidé
3061 1585 208 26 desoumetirè-au

2769 1622 46 24 Roi.
2829 1627 33 16 en*
2870 1621 43 22 vue
2927 1622 30 21 du
2971 1622 66 26 dépôt
3051 1626 36 17 au"
3092 1621 133 24 Parlement,
3239 1616 30 25 lin

2768 1655 74 26 projet
2854 1656 27 20 de
2892 1655 28 20 loi
2933 1654 75 21 relatif
3018 1655 20 20 à-
3043 1652 182 28 l'augmentation
3237 1654 31 20 du

2770 1688 90 21 nombre
2879 1688 40 20 d«és
2929 1685 191 23 établissements'
3129 1685 139 27 d'etiseigne-

2768 1721 74 20 ments
2856 1723 93 22 moyens
2963 1720 27 20 de
3006 1719 69 23 l'Etat.
3089 1724 3 4 *
3109 1723 5 6 -
3130 1723 5 17 :
3155 1721 4 4 '
3183 1722 5 13 *■
3196 1719 8 13 -'

2897 1776 31 19 La
2944 1771 166 28 comptabilité'
3115 1775 28 20 de
3161 1773 75 21 l'Etat.

2796 1812 19 21 Il
2825 1818 15 15 a
2850 1813 114 26 approuvé
2976 1816 29 16 un
3017 1812 177 26 projet-d'arrêté
3205 1810 63 26 royal

2769 1845 90 26 portant
2882 1845 150 26 dispositions-
3046 1840 168 25 additionnelles
3223 1853 4 4 •
3240 1848 28 16 au

2769 1877 136 26 règlement"
2911 1875 95 28 général*
3018 1879 43 18 sur
3078 1875 20 23 là
3118 1875 150 28 comptabilité

2768 1910 27 21 de
2811 1910 71 21 l'Etat.
2898 1904 6 16 '
2929 1911 6 7 '
2960 1914 5 7 •
3000 1902 7 14 ;
3007 1912 11 10 -'
3033 1904 5 12 !
3062 1903 63 36 ■'•-/■
3154 1896 26 42 '}
3201 1911 27 15 *■•
3258 1915 6 6 •

2944 1962 4 3 .
2960 1961 4 4 .
2983 1944 30 20 La
3035 1945 62 19 oarte
3118 1940 118 23 d'identité
3262 1941 4 7 '

2949 1976 43 19 des
3013 1975 84 23 grands
3119 1974 116 21 invalidés.

2792 2013 29 21 Le
2842 2013 86 21 Conseil
2938 2025 3 13 ,
2949 2018 13 15 a
2982 2013 92 25 marqué
3091 2016 42 17 son
3154 2012 80 21 accord
3254 2012 15 21 à

2768 2045 139 21 l'institution
2923 2045 66 21 d'une
3000 2046 61 22 carte
3072 2043 98 28 spéciale
3185 2044 84 21 d'iden-

2768 2078 38 21 llté
2823 2078 21 21 et
2861 2078 27 21 de
2905 2074 100 30 priorité"
3012 2070 13 28 i
3038 2072 101 30 'délivrer
3154 2082 45 16 aux
3216 2077 51 26 plus

2768 2111 84 25 grands
2867 2110 108 22 invalides
2990 2111 28 20 de
3032 2112 91 25 guerre,
3137 2125 5 4 .
3157 2127 14 11 .,
3186 2129 3 4 .

2791 2143 31 23 Le
2837 2144 58 20 reste
2911 2142 64 21 de'.'la
2990 2142 157 27 s,éance..a.étë
3163 2142 105 21 consacré

2767 2175 15 21 à.
2796 2175 8 21 i
2812 2177 93 20 examen
2920 2175 40 21 des
2976 2176 94 20 travaux
3085 2175 184 27 parlementaires

2768 2208 22 21 et
2806 2208 14 22 il
2833 2208 143 26 l'expédition,
2992 2206 34 26 de.
3037 2208 99 25 diverses
3153 2207 115 26 questions

2769 2241 103 22 d'intérêt
2888 2239 167 25 ad.minis-rat'lf.
3066 2246 5 8 •
3103 2246 18 18 y
3149 2252 10 5 -
3190 2246 4 8 -
3212 2248 6 14 t
3249 2246 9 18 .-

2795 2330 113 25 Ajoutons,
2923 2334 27 15 en
2965 2334 25 16 ce
3003 2330 38 25 qui
3056 2334 107 16 concerne
3173 2329 36 21 -les
3225 2330 33 19 tra-

2768 2366 62 16 vaux
2847 2362 190 26 parlementaires,
3055 2366 42 21 que
3116 2362 20 20 le
3151 2361 88 21 Conseil
3256 2366 14 15 a

2769 2395 113 25 approuvé
2897 2394 32 21 les
2945 2395 82 20 termes
3041 2394 26 21 de
3078 2394 24 21 la
3117 2394 101 26 réponse:
3225 2398 44 21 que

2768 2426 29 22 M.
2814 2427 89 26 Jaspar,
2917 2427 97 26 premier
3033 2426 108 25 ministre,
3148 2426 61 22 -fera
3228 2426 27 21 de-

2769 2460 66 26 main,
2852 2460 14 20 à
2879 2460 21 20 la
2918 2459 115 24 Chambre,
3050 2464 46 16 aux
3113 2459 101 26 députés,
3231 2459 37 25 qui

2768 2492 185 26 l'interpelleront
2964 2496 43 17 sur
3021 2493 20 19 la
3054 2492 101 25 question
3172 2491 83 26 linguis-

2768 2525 61 25 tique
2854 2525 61 23 (MM.
2938 2525 50 25 Sap,
3011 2524 124 26 catholique
3160 2524 108 24 flamand,

2767 2557 106 24 Mathieu,
2885 2557 119 24 socialiste,
3018 2557 22 20 et
3054 2557 52 23 Vos,
3120 2556 123 24 frontiste).

2792 2590 98 20 L'arrêté
2902 2589 64 25 royal
2973 2589 89 26 portant
3074 2589 40 20 des
3126 2589 142 26 dispositions

2769 2622 169 21 additionnelles
2966 2627 31 15 au
3024 2621 125 26 règlement
3177 2620 91 27 général

2766 2659 42 16 sur
2822 2654 25 21 la.
2856 2654 150 26 comptabilité
3021 2655 26 20 de
3061 2654 71 24 l'Etat,
3147 2654 52 21 tend
3214 2659 13 16 a
3241 2658 28 16 ne

2768 2687 53 26 plus
2834 2687 120 26 permettre
2969 2687 122 25 d'engager
3098 2686 55 23 :deS'
3159 2686 109 26 dépenses

2769 2719 116 23 nouvelles
2891 2720 20 20 si
2925 2718 97 23 ceiles-ci
3035 2724 27 15 ne
3071 2719 62 21 sont-
3136 2720 63 27 point
3205 2724 48 16 com-

2769 2750 98 29 pensées'
2882 2757 42 21 par
2944 2752 39 20 des
3003 2756 129 17 ressources
3152 2751 117 21 nouvelles

2768 2784 158 26 é«^uivalentes.
2953 2786 5 11 :
3017 2786 5 5 '
3028 2786 14 9 -'
3070 2797 4 4 .
3087 2782 32 19 ■•'*
3131 2794 4 3 -
3162 2789 6 8 '
3217 2783 4 16 '

2793 2858 29 22 Le
2834 2859 177 26 gouvernement
3024 2862 20 18 a*
3052 2857 37 22 été'
3100 2858 77 22 amené
3191 2856 13 23 à
3218 2859 55 27 gft>*-'

2769 2895 67 22 ppser
2849 2890 64 27 cette,
2922 2894 92 22 mçsure
3026 2890 34 23 en*'
3065 2891 75 22 raison
3156 2890 39 21 des
3199 2890 54 30 ^dan-

2769 2928 53 21 gers
2836 2928 49 21 que*
2894 2923 50 22 font
2954 2924 79 21 eourir
3045 2923 13 20 à
3064 2942 3 3 .
3073 2922 123 27 l'équilibre
3209 2922 46 21 bud-

2768 2956 85 25 gétaire
2870 2955 34 21 les
2920 2955 146 22 nombreuses
3072 2955 121 27 .dépenses
3209 2959 44 16 nou-

2768 2988 70 21 velles
2853 2988 75 21 votées
2944 2993 41 21 par
2994 2989 23 19 ia
3033 2988 108 21 Chambre
3157 2992 29 15 au
3202 2992 67 16 cours

2770 3021 27 20 de
2817 3021 86 25 chaque
2924 3020 129 26 législature
3075 3020 60 21 alors
3145 3025 53 20 .que
3220 3020 38 24 jus-

2768 3053 66 25 qu'ici
2848 3058 29 15 on
2888 3057 25 16 se
2928 3053 94 20 souciait
3036 3052 46 21 fort
3095 3057 43 21 peu
3154 3053 26 20 de
3195 3049 74 24 s'avoir

2769 3085 30 22 où
2818 3085 20 21 le
2855 3086 99 21 ministre
2975 3085 39 22 des
3034 3085 100 21 finances
3154 3085 115 26 prendrait

2769 3118 101 25 l'argent.
2952 3126 5 13 :
2980 3127 3 5 *

2877 3160 8 7 .
2933 3164 4 3 .
3011 3153 15 12 i*

2881 3167 35 6 ...
2969 3170 4 3 *
2996 3168 6 5 -
3029 3167 13 10 *"■«

2794 3192 30 22 La
2848 3193 60 21 carte
2931 3192 182 21 d'identification
3138 3192 54 22 dont
3213 3192 54 21 vont

2771 3225 47 20 être
2832 3225 63 22 dotés
2906 3219 33 26 lés
2954 3225 52 27 plus
3020 3225 84 25 grands
3118 3224 109 25 invalides
3232 3239 5 10 :
3242 3225 27 20 de

2770 3258 21 20 la
2807 3262 88 21 guerre,
2912 3258 121 25 permettra
3048 3258 14 20 à
3078 3257 91 22 ceux-ci
3186 3257 73 21 d'obte-

2770 3290 36 20 nir
2823 3289 21 22 la
2863 3290 91 26 priorité
2974 3294 27 16 en
3007 3309 3 3 .
3021 3290 27 20 de
3067 3287 145 24 nom-bréûs-ïs
3227 3290 32 19 cir-

2770 3323 144 20 constances."
2933 3338 4 3 .

2792 3394 187 48 Elections
3014 3394 226 59 Sanglantes

2906 3484 49 28 en
2989 3464 145 60 Egypte

2897 3580 158 21 NOMBREUX
3071 3580 74 21 TUES

2837 3613 37 20 UN
2894 3612 118 21 MILLIER
3030 3612 36 20 DE
3084 3612 121 20 BLESSES

2795 3678 105 24 Londres,
2921 3678 22 19 18
2960 3679 52 20 mai.
3028 3688 26 5 —
3078 3678 32 21 On
3134 3678 80 21 mande
3234 3678 36 20 -du

2772 3711 62 21 Caire
2848 3715 29 16 au
2892 3718 9 10 «
2916 3710 64 26 Daily
2994 3710 87 21 Herald.
3090 3719 9 9 »
3120 3715 5 16 :
3136 3710 31 23 1/e
3182 3710 23 21 17
3219 3711 51 23 mai,

2770 3743 26 21 20
2810 3744 76 23 autres
2903 3748 123 21 personnes
3041 3743 39 20 ont
3090 3743 40 23 :été
3146 3742 64 26 tuée.?
3225 3742 31 21 du-

2772 3776 51 20 rant
2840 3775 20 21 le
2879 3775 125 21 Week-end
3023 3780 28 16 au
3067 3780 66 16 cours
3151 3776 40 20 des
3209 3776 51 20 trou-

2771 3808 48 20 bles
2834 3808 38 25 qui
2879 3813 35 17 -se
2927 3808 51 21 sont
2995 3808 105 26 produits,
3112 3813 26 16 en
3156 3807 85 26 Egypte
3258 3807 13 21 à

2771 3840 117 21 l'occasion
2903 3841 39 21 des
2957 3840 118 22 élections.-
3082 3840 31 24 La
3127 3839 91 27 plupart
3231 3840 39 21 des

2772 3873 100 20 victimes
2881 3874 39 22 ont
2932 3873 35 21 été
2980 3873 116 27 tuées-par
3109 3873 49 21 des.
3162 3877 69 21 coups
3244 3873 27 19 de

2773 3906 45 20 feu.
2833 3905 32 21 On
2879 3905 100 27 apprend
2994 3906 137 20 maintenant
3137 3907 50 23 'que
3202 3905 22 21 la
3238 3909 23 16 se-

2773 3938 72 21 maine
2861 3937 100 23 dernière
2977 3938 13 20 à
3005 3938 92 23 Boulât,
3110 3937 26 21 40
3150 3942 122 21 personnes

2770 3971 39 20 Ont
2820 3969 34 22 été
2868 3970 62 21 tuées
2943 3970 22 20 et
2977 3969 48 22 UOO
3033 3969 104 22 bleesées.

2898 4059 54 32 En
2976 4059 165 31 Calabre

2801 4150 236 26 Reggio-de-Calabre,
3049 4150 23 20 18
3084 4151 50 20 mai.
3146 4160 26 5 —
3182 4151 38 20 Six
3233 4155 25 16 ca-

2768 4182 110 21 rabiniers
2900 4184 22 19 et
2942 4187 30 16 un
2995 4182 89 22 officier
3103 4183 28 22 de
3153 4182 30 21 la*
3196 4183 72 20 milice

2773 4216 39 24 qui
2829 4219 26 17 se
2871 4215 116 21 rendaient
3006 4220 29 15 au
3054 4214 82 27 village
3156 4216 27 20 de
3201 4215 73 21 Saint-

2773 4248 99 25 Georges
2891 4252 57 22 pour
2966 4248 109 25 procéder
3091 4248 24 20 à.
3121 4248 150 21 l'arrestation

2773 4280 53 20 d'un
2849 4280 136 24 malfaiteur,
3008 4281 38 20 ont
3067 4280 34 20 été
3123 4280 114 21 accueillis
3249 4292 4 4 •
3259 4280 14 21 à

2772 4317 71 21 coups
2857 4312 26 21 de
2897 4312 39 21 feu
2950 4317 42 21 par
3003 4312 23 22 la
3040 4312 83 22 famille
3134 4312 26 21 de
3176 4312 95 21 celui-ci.

2797 4344 114 21 L'officier
2929 4346 22 19 et
2971 4345 65 20 trois.,
3045 4345 115 20 militaires
3179 4346 39 19 ont
3237 4344 34 21 été

2771 4376 93 22 blessés.
2886 4377 72 23 Douze
2978 4380 122 23 personnes
3121 4378 48 20 ont*
3179 4377 34 21 été
3233 4381 25 17 ar-

2773 4410 78 20 rêtées.
2889 4409 137 21 .*■.'*•
3188 4413 13 5 •'
3229 4411 3 4 '

3306 934 41 73 li

3438 1042 39 57 n
3502 1026 145 81 Espagne

3327 1160 53 38 Les
3396 1160 189 35 extrémistes
3600 1156 162 37 réclament

3293 1217 61 28 une-
3362 1208 165 37 fédération
3542 1207 35 37 de
3597 1206 196 42 républicains

3452 1258 181 42 soviétiques

3308 1353 134 24 'Barcelone,
3458 1352 26 26 18.
3495 1353 50 20 niai.
3558 1362 24 4 —
3582 1371 4 3 .
3597 1351 46 22 Une
3658 1351 92 22 réunion
3765 1351 27 21 de

3293 1386 143 27 protestation
3452 1386 75 21 centre
3542 1384 32 21 les
3588 1384 104 22 fasciste
3705 1384 87 21 Italiens

3292 1419 23 20 et
3327 1415 122 30 'portugais
3469 1423 12 15 a
3500 1417 35 22 élé
3554 1418 115 26 organisée
3685 1416 48 21 hier
3752 1421 35 21 par-

3294 1451 32 21 les
3344 1449 116 23 étudiants,
3471 1445 158 30 syndicalistes
3645 1450 148 25 appartenant

3293 1485 13 20 Si
3321 1481 30 23 la"
3357 1483 130 26 compagnie
3504 1482 153 21 universitaire
3674 1482 27 20 de
3718 1481 80 21 la'Li--

3293 1520 43 22 gue
3348 1516 100 21 catalane
3460 1516 38 20 d'es
3510 1513 70 23 droits
3590 1515 26 20 de
3629 1514 109 21 l'homme.
3750 1513 42 22 Les

3293 1548 158 21 communistes
3465 1547 83 21 faisant
3559 1548 70 26 partie
3642 1547 30 20 du
3686 1547 50 21 Bloc
3749 1551 28 16 ou-

3293 1582 58 20 vrier
3363 1582 21 20 et
3397 1584 92 23 paysan,
3499 1581 38 20 ont
3551 1578 126 27 également
3689 1578 103 27 organisé

3293 1619 44 15 une
3355 1613 93 21 réunion
3468 1611 37 23 au'
3516 1617 65 16 cours
3601 1612 27 20 de
3646 1611 95 27 laquelle
3760 1611 31 22 les

3293 1646 102 21 brateui-s
3410 1646 35 20 ont
3462 1645 106 26 repolisse
3583 1640 147 25 l'accusation"
3740 1642 65 23 dont'*

3293 1679 32 21 1<?S
3340 1679 160 20 communistes
3509 1678 61 20 sont*
3577 1675 74 27 l'objet
3665 1678 21 19 et
3703 1676 90 21 suivant

3293 1709 95 28 laquelle
3396 1711 49 20 -ces.
3458 1711 100 21 derniers
3572 1710 99 20 seraient
3682 1708 109 24 -d'accord
3804 1716 4 4 *

3294 1742 54 23 aS'eo
3371 1743 32 21 les
3428 1743 160 21 monarchistes
3612 1746 57 22 pour
3694 1741 108 21 troubler,

3293 1776 89 22 l'ordre.

3296 1813 4 10 -
3316 1808 42 21 Les
3371 1808 101 21 orateurs
3484 1808 37 22 ont
3534 1806 96 22 réclamé
3643 1807 147 21 le-désarme-

3292 1841 59 27 menft
3364 1839 40 22 'de*
3406 1840 29 21 Ta
3451 1840 72 26 garde
3537 1840 64 22 civile
3614 1835 23 26 et
3652 1837 138 23 l'armement

3293 1874 39 21 des
3349 1874 102 20 ouvriers
3466 1873 77 24 etdes
3560 1876 105 23 paysans.

3306 1906 41 21 ■Ils
3368 1907 38 20 ont
3428 1900 114 31 ;«récbnisé
3564 1904 168 27 l'indépendant:
3750 1904 40 27 .ix

3293 1939 26 24 la,
3327 1938 119 26 Catalogne
3460 1938 55 21 dans
3529 1937 20 21 le
3562 1937 67 22 cadre
3641 1937 67 21 d'une
3720 1936 70 21 Fédé--

3295 1972 70 19 ration
3389 1970 26 22 de
3441 1970 149 27 républicains
3597 1979 4 5 •
3613 1969 134 25 soviétiques
3770 1970 24 20 et

3294 2002 120 23 idéalistes.

3316 2037 30 20 Ils
3362 2037 37 19 ont
3415 2036 93 25 critiqué
3532 2041 12 15 e
3560 2035 175 25 goqvérne.-nent
3751 2038 40 17 sur

3291 2074 40 16 son
3350 2068 93 21 attitude
3461 2067 66 27 qu'ils
3546 2067 101 21 estiment
3665 2071 43 22 peu
3727 2066 52 21 révo-

3291 2101 141 21 lutionnaire.

3316 2134 41 20 Ces
3375 2133 105 21 réunions
3495 2137 26 16 se
3536 2133 51 20 6ont
3604 2131 117 23 déroulées
3737 2135 53 17 sans

3294 2166 104 21 incident.
3428 2183 6 12 t

3295 2221 34 21 LE
3354 2219 234 25 GOUVERNEMENT
3620 2218 171 21 PROVISOIRE

3325 2252 105 21 OBLIGE
3454 2251 138 24 L'EVEQUE
3615 2251 36 20 DE
3676 2247 117 24 VITORIA'

3327 2285 18 20 A
3366 2282 124 26 QUITTER
3513 2282 161 21 L'ESPAGNE.

3316 2322 93 27 Madrid,
3421 2321 24 20 18
3453 2322 50 20 mal.
3514 2331 24 4 —
3551 2321 27 21 Le
3590 2321 104 20 ministre,
3701 2320 27 21 de
3739 2320 38 21 l'In-

3293 2354 84 21 térieur
3389 2360 13 15 a
3414 2358 51 22 reçu
3479 2354 15 20 ï
3507 2358 43 16 une
3564 2353 69 21 heure
3647 2354 25 20 et
3683 2353 71 21 demie
3767 2357 27 17 ce

3294 2387 68 21 matin
3380 2386 38 21 l-es-
3431 2386 145 25 journalistes
3602 2385 110 27 auxquels
3739 2384 18 27 i\
3780 2390 15 16 a

3293 2420 66 27 passé
3379 2424 43 16 une
3443 2419 81 25 longue
3543 2419 68 23 note,.*
3622 2418 55 21 dans
3698 2417 96 26 laquelle

3293 2453 16 20 il
3328 2447 88 26 déclare
3435 2451 53 26 qu'il
3507 2451 60 21 avait
3582 2450 47 27 prié
3647 2451 14 20 à
3671 2450 121 27 'plusieurs

3294 2485 97 26 reprises
3409 2484 98 26 l'évêque
3523 2484 27 20 de
3566 2483 82 20 Viloria
3660 2483 33 20 .de
3711 2487 26 16 ne
3755 2487 39 22 pas

3292 2518 85 20 donner
3389 2522 15 15 a.
3418 2521 38 16 s«?s
3472 2517 75 20 visites
3563 2520 38 21 au.
3608 2515 87 22 diocèse
3708 2520 29 16 un
3755 2520 24 16 ca-

3291 2550 84 21 ractère
3391 2548 114 28 politique'
3511 2547 106 27 étranger
3629 2553 13 16 a
3654 2552 42 17 son
3712 2544 65 24 minis-

3291 2582 54 21 tère*
3354 2582 23 22 et
3383 2582 146 26 -dangereux*
3538 2585 63 22 pour"
3612 2580 21 21 la
3647 2581 51 26 paix
3715 2580 61 26 publi-

3290 2619 52 22 que:
3358 2614 30 22 Le
3404 2614 73 26 prélat
3493 2618 44 16 non
3554 2613 126 21 seulement
3698 2613 35 22 n'a
3751 2617 41 22 pas

3295 2645 134 24 écoutéses.
3444 2646 84 27 prières
3545 2646 56 20 mais
3617 2640 16 27 il
3650 2651 13 15 a
3678 2644 117 28 poursuivi
3804 2649 8 13 ■*

3295 2680 66 21 d'une
3378 2679 64 26 façon
3459 2679 53 26 plus
3526 2678 85 21 intense
3625 2681 42 17 son
3680 2678 100 21 interven-

3291 2713 45 20 tion
3342 2712 70 21 -dans
3419 2711 33 21 Ta
3471 2710 105 27 politique
3600 2710 30 21 de
3639 2706 4 6 '
3654 2709 58 22 telle*
3731 2710 59 21 sorte

3290 2744 54 27 qu'il
3364 2745 33 20 est
3415 2743 84 22 arrivé-
3507 2743 14 22 à
3531 2743 131 22 "constituer
3677 2747 28 17 au
3723 2746 68 19 cours

3292 2778 27 20 de
3335 2781 34 17 ces
3368 2776 4 20 i
3381 2777 105 22 .derniers
3500 2776 65 25 Jours
3581 2780 30 16 un
3626 2775 56 26 péril
3698 2779 59 24 pour
3771 2775 22 20 ia

3296 2810 51 26 paix
3361 2809 125 26 spirituelle
3502 2809 22 23 et
3540 2807 121 22 matérielle
3675 2808 26 20 de
3719 2806 20 22 la
3756 2807 24 21 ré-

3294 2843 51 25 gion
3360 2842 91 25 basque,
3466 2841 99 26 risquant
3578 2840 98 22 ainaide
3689 2840 108 26 produire

3293 2875 29 21 de
3343 2879 81 22 graves
3443 2874 119 22 désordres
3582 2877 57 22 pour
3659 2873 23 20 la
3699 2871 96 23 matiûée

3293 2907 27 22 de
3326 2907 80 20 -lundi!
3418 2907 84 19 Devant
3519 2911 37 15 ces
3565 2905 66 22 .faits,
3649 2904 21 21 le
3685 2905 112 23 ministre»

3291 2940 41 21 sûr
3344 2939 26 21 de
3384 2939 71 22 servir
3467 2938 20 21 ie
3501 2942 62 22 pays,
3572 2943 12 15 a
3596 2936 89 22 edurnli;'
3697 2937 12 20 à
3723 2937 69 21 laré-

3295 2972 85 20 flexion
3389 2980 8 7 -
3405 2972 34 20 du*
3462 2971 72 26 prélat
3559 2969 156 26 l'opportunité
3741 2968 54 27 qu'il

3293 3005 82 25 quittât
3387 3003 125 26 l'Espagne.
3527 3003 107 25 L'évêque
3650 3007 12 16 a
3677 3001 117 26 acquiescé

3292 3037 13 20 à
3323 3037 56 20 cette
3392 3036 130 26 suggestion
3541 3036 22 20 et
3579 3040 12 16 a
3609 3035 64 26 passé
3691 3034 20 21 la
3730 3034 49 23 fron-

3293 3069 53 21 tière
3362 3069 111 25 française
3489 3068 47 20 hier
3551 3066 69 23 malin
3636 3084 13 4 _
3665 3066 22 21 II
3703 3067 95 21 heures.*

3319 3101 90 22 D'autre
3421 3102 56 25 .art,
3490 3101 20 20 le
3522 3100 100 20 ministre
3635 3098 26 24 de
3673 3098 126 22 l'Intérieur*

3296 3139 21 16 a*
3325 3133 88 22 déclaré
3425 3133 54 26 qu'il
3495 3137 28 16 ne
3539 3132 70 21 savait
3625 3132 47 20 rien
3689 3136 29 16 au
3734 3131 61 26 sujet

3293 3167 27 21 de
3335 3166 21 21 la
3372 3165 122 27 prétendue
3511 3165 130 21 arrestation
3655 3160 34 25 "du
3706 3164 43 21 due
3765 3157 34 28 dé'

3291 3199 181 25 Saragosse.,:-:.
3493 3204 3 4 *
3506 3207 16 14 .*■:

3296 3254 36 20 UN
3354 3252 89 21 EFFET
3472 3252 36 20 DU
3538 3247 262 24 RETABLISSEMENT'

3388 3285 36 19 DE
3441 3284 34 20 LA
3490 3283 115 24 TRANQU
3619 3282 81 21 LLITE

3317 3321 87 22 Madrid
3420 3321 30 23 ,18
3464 3321 51 22 mal.
3518 3329 37 20 ■—_
3571 3321 34 20 Le.
3616 3314 178 29 rétablissement

3294 3345 61 32 df.la
3367 3353 135 27 tranquillité
3515 3359 12 15 a
3539 3358 28 16 eu
3578 3357 44 16 une
3635 3352 112 23 influence
3761 3352 21 21 fa-

3297 3387 90 21 vorable
3400 3391 41 15 sur
3455 3386 22 20 la
3491 3386 91 20 Bourse.

3303 3420 32 21 ..A
3347 3419 85 26 Bilbao,
3443 3419 30 21 où
3484 3419 34 20 les
3529 3418 131 27 opérations
3670 3419 40 20 ont
3721 3418 73 26 repris

3295 3456 24 16 ce
3338 3452 75 22 malin,
3431 3456 26 15 on
3476 3446 13 25 à
3508 3446 125 30 enregistre'
3649 3455 45 16 une
3712 3450 85 22 hausse,

3295 3484 111 26 générale,
3416 3484 61 20 aussi
3489 3484 48 19 bien
3550 3487 40 16 sur
3600 3483 32 20 les
3643 3483 90 20 valeurs
3744 3482 39 21 d'E-

3297 3518 31 19 tat
3339 3520 44 22 que
3395 3520 41 16 sur
3448 3515 32 21 les
3496 3515 89 21 valeurs
3599 3514 158 22 industrielles.

3319 3548 40 22 Les
3373 3548 89 22 milieux
3477 3548 118 22 officieux-
3600 3547 103 26 espèrent
3715 3552 43 22 que
3772 3547 21 21 la

3296 3581 70 20 même
3383 3580 112 21 influence
3508 3585 28 16 se
3554 3580 47 21 fera
3617 3581 71 19 sentir
3704 3583 41 17 sur
3762 3580 32 21 les

3295 3614 95 20 Bourses
3408 3612 30 23 de
3452 3610 86 23 Madrid
3558 3614 21 19 et
3598 3612 27 21 de
3641 3612 128 23 Barcelone.

3315 3707 107 48 Trois
3444 3708 134 47 Avions
3600 3704 175 52 Français

3295 3779 236 47 atterrissent
3539 3788 44 38 en
3590 3777 206 58 Allemagne

3298 3887 51 20 LES
3372 3886 158 21 AVIATEURS
3554 3886 75 20 SONT
3649 3886 144 22 .INTERNES

3421 3919 17 19 A
3470 3917 182 21 WURZBOURQ

3318 3988 70 24 Paris,
3404 3986 23 22 18
3442 3988 49 21 mal.
3507 3998 23 4 —
3541 3988 27 21 L*
3586 3995 9 11 »
3609 3988 67 21 Malin
3692 3986 105 28 «.""publie'

3295 4021 22 21 la
3332 4020 96 28 dép-îche
3442 4020 103 23 suivante
3561 4020 27 21 da
3603 4019 73 22 Berlin
3696 4025 6 16 :

3318 4053 64 20 Trois
3403 4053 77 20 avions
3500 4052 115 21 militaires
3637 4052 100 26 français
3755 4053 37 25 qui

3293 4090 26 16 se
3334 4084 114 22 rendaient
3466 4084 27 22 de
3510 4085 84 21 Toulon
3613 4090 13 16 a
3643 4085 94 23 Colmar,
3755 4085 38 20 ont

3294 4118 77 20 atterri
3386 4118 49 20 hier
3450 4123 13 16 a
3476 4117 26 21 20
3516 4117 81 21 heures
3613 4117 13 21 à
3640 4116 156 24 Schweinfurt

3294 4150 63 27 près.
3364 4147 39 24 de'
3412 4149 142 27 Wurzbourg
3575 4151 13 20 ii
3607 4150 37 20 300
3664 4149 129 22 kilomètres

3294 4188 32 16 au
3338 4182 103 25 noi-d.-œt
3453 4183 29 21 de
3493 4182 95 21 Colmar.

3319 4215 42 21 Les
3373 4215 85 26 pilotes,
3470 4220 30 15 un
3515 4215 120 21 lieutenant
3648 4215 27 20 et
3683 4215 58 22 deux
3754 4219 25 16 as-

3295 4248 92 26 pirants,
3402 4248 37 19 ont
3455 4247 34 21 été
3506 4247 97 20 internés
3619 4247 56 20 dans
3691 4251 29 17 un
3733 4246 63 21 hôtel

3295 4280 26 20 de
3341 4280 20 20 la
3379 4279 52 22 ville
3451 4280 21 20 et
3491 4279 61 21 leurs
3570 4279 112 26 appareils
3700 4281 39 19 ont
3757 4279 35 21 été

3293 4312 66 22 saisis
3375 4315 41 23 par
3441 4312 111 20 l'autorité
3567 4312 109 21 militaire.

3318 4345 29 21 Le
3360 4344 101 21 ministre
3474 4345 26 21 Ce
3515 4344 22 20 la
3550 4344 143 20 Reichswehr
3707 4349 13 16 a
3735 4344 43 21 don-

3294 4377 30 21 né,
3339 4377 39 22 des
3394 4376 145 22 instructions
3556 4381 27 17 au
3601 4376 88 21 distrlot
3704 4376 27 27 de
3746 4377 48 21 Nu-,

3294 4409 103 26 remberg
3410 4413 58 23 pour
3484 4409 77 20 ouvrir
3577 4413 43 17 une
3638 4408 100 26 enquête.

2773 4457 1004 33 iiiiiiiiiiiiiiiiiiiiiiiiiiiiiiniiiiiiiiiiiiiiiiiiiiiiiiiiiiiiiiiiiiiiiiiiiitiiiiiiiiiiiiiiiiiiiiiiiiii.

2786 5448 31 21 Le
2830 5448 72 24 'Japon
2918 5449 34 19 est
2965 5447 121 25 fortement
3101 5447 78 21 atteint
3193 5451 43 21 par
3251 5447 22 20 la
3290 5448 57 20 crise
3358 5447 110 21 mondiale
3480 5449 21 21 et
3513 5447 20 21 le
3545 5447 106 26 chômage
3662 5453 17 20 y
3690 5448 34 20 est
3736 5451 51 17 con-

2786 5479 117 22 sldéralie.
2919 5479 62 23 Pour,
2996 5480 129 25 combattre,
3132 5479 22 21 le
3170 5479 69 26 fléau,
3251 5480 22 20 et
3287 5479 56 22 dans
3362 5480 13 20 V
3378 5481 74 24 espoir
3467 5480 148 20 deramener
3631 5480 104 21 l'activité
3751 5480 23 20 in-

2785 5511 124 24 dustrielle,
2925 5511 34 22 lex
2975 5512 143 26 employeurs
3133 5513 45 21 ont.
3188 5511 160 22 sensiblement
3362 5512 101 21 -diminué
3482 5512 33 21 les
3528 5513 97 19 -salaires
3642 5512 142 21 récemment.

2787 5544 48 19 Ceci
2848 5549 14 15 i.
2876 5543 72 21 donné
2957 5541 75 24 iieuà
3041 5537 42 28 'des
3097 5543 99 21 troubles
3203 5548 69 16 .assez
3287 5549 81 20 graves
3383 5544 56 20 dans
3445 5554 3 4 ■
3454 5544 113 25 plusieurs
3585 5545 69 20 villes.
3673 5544 57 21 Voici
3746 5548 38 16 no.

2786 5577 107 23 tamfneat.
2906 5580 44 17 une
2963 5576 166 24 manifestation
3141 5576 13 21 i
3168 5576 74 25 Tokio,
3255 5578 29 19 où
3299 5577 22 20 la
3337 5576 71 27 police
3424 5577 41 22 dut
3481 5577 121 21 intervenir
3617 5581 55 16 avec
3689 5577 95 25 énergie.

978 5744 3 4 *
1605 5757 4 3 .

1334 5778 4 4 .
1386 5773 12 6 ■■
1576 5774 4 4 •
