4141 5786
1916 245 48 28 CA
1982 243 140 31 XATIQM
2142 243 115 28 BELOS

304 350 293 79 PAR
690 344 119 77 T.
864 342 109 79 S.
1032 340 103 77 F.

199 486 161 22 PROGRAaiMES
377 485 34 19 DO
427 482 130 21 DIMANCHE
576 483 20 16 _«
613 480 61 22 JtHH.

177 546 105 24 Institut
306 542 119 26 National
449 541 77 29 Belge
549 540 32 24 d«
604 538 81 25 Radio-

204 578 129 24 diffusion.

177 608 129 20 LONGUEUR
323 606 90 19 D'ONDK
422 611 5 13 :
445 606 50 21 308,5
511 609 25 14 m.
550 611 25 6 —
590 603 21 19 P.
627 607 22 14 JO
665 601 33 19 kw.

203 631 76 19 (Langui
296 628 98 22 française.)

199 652 14 18 A
234 652 51 20 p«*tlr
304 651 21 18 de
343 655 9 16 5
372 649 65 21 heures,
456 647 39 22 pub
514 648 57 17 toutei
588 646 26 17 le»
631 646 66 19 heures,

177 674 70 21 Jusqu'à
267 673 88 17 l'annonce
372 671 30 18 des
419 669 66 18 lâchers
501 673 23 13 ou
543 668 37 17 leur
597 667 61 18 remise
675 671 22 13 au

178 695 101 18 lendemain,
297 692 128 19 radiodiffusion
441 691 22 17 de
478 690 142 20 renseignements
636 688 55 18 colom-

177 717 76 20 bophiles
265 716 65 18 relatifs
342 720 33 13 aux
387 717 81 14 concours
479 712 22 17 de
513 712 69 20 pigeons
594 715 34 13 aux
640 710 58 20 étapes

177 739 86 18 ■olvantea
274 750 4 5 .
298 737 92 18 Bruxelles.
407 733 109 21 Momignie.,
534 732 164 20 Solrc-sur-Sambre,

177 760 98 21 Quiévrain,
293 760 97 17 Mouscron,
406 755 137 21 Saint-Quentin,
560 754 69 20 Noyon,
648 754 52 17 Pont-

177 782 125 19 Ste-Max.nce,
318 781 54 18 Arras,
387 776 80 21 Breteuil,
481 776 93 20 Clermont,
589 775 109 21 Compiègne,

177 802 51 21 Crell,
246 802 52 18 Paris.

201 825 14 17 A
237 824 53 21 partir
310 822 21 18 de
353 825 10 14 6
385 821 66 20 heures,
472 824 40 16 puis
533 820 57 16 toutes
611 819 24 16 les
655 819 45 16 deux

176 845 67 19 heures,
260 843 129 19 radiodiffusion
406 842 22 17 de
446 841 142 20 renseignements
604 841 95 19 provenant

177 867 30 17 des
226 867 57 19 étapes
304 865 86 17 suivantes
399 868 5 13 :
426 862 74 20 Corbe:!,
521 862 88 20 Dourdan,
629 861 71 18 Orléans

177 888 92 20 Vendôme,
283 887 61 19 Tours,
358 886 77 19 Vierzon,
450 884 78 18 Château
530 888 47 16 roux,
591 883 78 20 Limoges
682 883 18 16 et

177 909 110 21 Angou'.ènie.
650 924 5 6 .

201 936 20 15 17
238 931 19 17 h.
266 935 6 13 :
291 928 79 19 Causerie
388 927 88 21 religieuse
493 931 32 17 pu*
541 927 17 17 le
575 927 20 17 P.
614 927 68 16 Drairae
692 928 5 12 :

176 952 49 19 Aime
240 954 29 15 ton
285 950 48 18 frère.

201 979 20 15 17
236 973 18 18 h.
271 977 20 13 io
300 977 5 12 :
321 971 73 18 Concert
408 975 32 16 par
454 970 96 18 l'orchestre
563 968 22 18 de
598 970 17 16 la
629 969 68 15 station.

175 994 79 19 enn-acré
270 994 11 17 à
299 993 86 17 Massenet
395 997 5 12 :
419 992 95 17 Ouverture
531 991 22 18 de
571 990 71 18 Phèdre;
660 987 30 18 Mé-

175 1017 73 17 ditation
263 1015 21 18 de
298 1015 61 19 Thaïs;
377 1014 32 18 Lcs
423 1013 99 21 Errynnies;
539 1013 24 17 Le
576 1009 65 19 derafer
654 1013 35 13 som-

175 1038 40 18 meil
231 1037 21 18 de
267 1037 16 17 la
297 1036 68 21 Vierge;
382 1035 62 18 Scènes
458 1035 119 21 pittoresques;
594 1033 24 16 La
633 1031 62 23 Ciçaje.

201 1060 20 16 iS
235 1059 18 17 h.
265 1063 5 12 :
287 1058 73 18 Concert
374 1062 32 16 par
420 1056 96 19 l'orchestre
531 1058 79 15 tea-room
620 1057 5 12 :
643 1052 54 16 Petite

175 1081 46 18 suite
243 1079 133 20 (Chaminade);
399 1079 50 17 Valse
469 1078 21 18 de
511 1077 16 17 la
547 1076 57 17 Veuve
624 1076 73 17 JW*™*

175 1102 82 19 (Lehar).
274 1101 86 17 Fantaisie
373 1105 30 13 sur
415 1100 25 18 les
453 1099 61 18 Conte.
528 1096 112 19 d'Hoffmann
656 1095 41 18 (Uf-

176 1118 92 24 jenbach).

201 1145 20 17 18
236 1144 18 17 h.
270 1149 22 15 30
301 1149 6 13 :
323 1143 82 21 Musique
419 1143 21 17 de
454 1142 42 21 jazz.
510 1140 78 19 Disque».

201 1171 19 14 19
236 1165 17 18 h.
269 1170 22 15 30
300 1170 5 13 :
321 1165 71 21 Journal
405 1163 46 22 parlé
465 1163 21 17 de
499 1160 74 19 l'LN.R.
589 1158 107 21 (Chronique

175 1187 22 18 de
214 1186 85 19 rt.N'.R.)
557 1201 5 6 ,
587 1202 6 9 ,
635 1200 5 6 ,
667 1200 22 8 .,.

200 1213 22 13 _o
239 1208 33 18 h.:
292 1208 73 18 Cor.cert
382 1212 31 16 par
428 1206 16 17 îe
460 1202 52 22 grand
529 1202 83 17 orchestre
630 1202 21 16 de
668 1202 28 16 II.

175 1229 25 19 N.
219 1229 28 18 R-.
265 1234 40 13 sous
322 1229 17 18 la
355 1227 80 19 direction
453 1225 20 17 de
490 1224 26 17 M.
534 1223 21 18 A.
574 1223 107 17 Meulemans
689 1226 6 13 :

175 1251 70 18 Vieilles
264 1251 83 18 chansons
366 1248 91 19 flamandes
475 1246 22 19 (A
521 1245 23 17 de
562 1245 70 19 Greef);
653 1245 36 16 Con-

177 1275 47 15 certo
246 1278 43 15 pour
311 1271 35 19 alto
368 1268 100 21 (Haendel).
491 1266 58 18 soliste
558 1270 6 13 :
589 1265 26 18 M.
638 1265 59 17 Broos.

176 1294 97 21 profes-eur
293 1299 22 12 au
337 1289 125 21 Conservatoire
482 1287 55 21 Royal
558 1287 22 18 de
601 1287 93 18 Bruxel.es;

176 1315 99 21 Rhaptodie
287 1318 98 15 maurcique
400 1311 33 19 (H.
447 1310 64 20 Sarly).
525 1309 67 18 Marine
606 1307 78 20 (Manly)
690 1312 4 15 ;

176 1336 88 19 Fantaisie
282 1333 146 22 tragiocomique
448 1330 123 21 (Scampaert).

201 1363 21 13 ;o
239 1359 18 17 h-
276 1362 36 15 45:
330 1355 85 21 Quelques
430 1352 77 19 histoires
524 1356 43 17 pour
583 1356 38 16 nre,
638 1355 50 13 racon-

176 1379 36 19 tées
230 1384 31 16 pnr
276 1379 26 17 M.
321 1376 62 18 Marcel
402 1375 79 18 Antoine.

203 1406 19 12 21
245 1400 17 17 h.
272 1404 5 13 :
302 1396 135 19 Radiodiffusion
460 1395 22 18 du
506 1395 67 18 concert
596 1394 56 17 donné
674 1397 22 13 au

176 1422 63 19 Ca-Mno
254 1421 21 17 de
291 1418 76 21 Knccke,
383 1423 40 13 sous
437 1417 17 18 la
469 1416 81 18 direction
565 1415 21 18 de
602 1415 26 18 M.
645 1414 51 17 Karel

166 1443 92 19 -Candae!.
277 1446 41 13 avec
337 1440 16 18 le
370 1444 80 14 concours
469 1438 21 18 de
508 1438 44 18 Mlle
570 1437 24 18 H.
614 1436 82 20 Kyrmcli,

177 1463 92 19 cantatrice
277 1467 6 13 :
305 1461 70 18 Marche
395 1459 147 19 comm.-montive
567 1459 28 18 (P.
617 1457 67 19 Gilson)
690 1462 5 13 ;

177 1485 55 18 Petite
245 1484 45 18 suite
304 1484 23 20 (J.
342 1482 84 21 Jonqen);
443 1481 49 18 Récit
507 1483 16 15 ct
537 1480 60 18 Arioso
609 1479 21 18 de
644 1479 53 20 Quïn-

176 1509 29 15 ten
221 1505 82 19 Dunvard
322 1505 28 19 (F.
366 1504 20 19 A,
404 1503 89 19 Gevaert).
509 1507 31 16 par
555 1501 43 18 Mlle
612 1501 23 18 II.
652 1500 45 20 Kyr-

175 1528 48 20 meh;
242 1528 103 17 Intermezzo
362 1526 31 18 (K.
411 1524 93 20 Candael);
524 1523 48 19 Suite
589 1522 100 21 compréhen-

175 1550 43 17 sible
231 1554 39 12 sou?
283 1548 16 18 h
313 1547 81 18 direction
407 1547 22 17 de
442 1546 73 17 l'auteur
532 1545 30 19 (R.
577 1543 117 21 Guîl'emyn):

175 1571 26 18 La
221 1571 56 17 Route
294 1568 113 19 d'Emeraude
428 1567 116 20 (C.intilène),
563 1571 31 16 par
611 1565 43 18 Mlle
672 1565 24 17 H.

176 1592 77 18 Kvrmeh
272 1591 27 19 (A.
316 1591 28 18 De
360 1590 76 20 Beeck);
455 1589 83 19 Milenka,
555 1588 82 17 kermesse
657 1586 40 21 (Jan

176 1608 82 26 BÎxkT).
499 1630 8 9 T
527 1630 12 9 „

201 1640 20 12 23
235 1634 25 18 h.:
276 1633 68 21 Journal
357 1632 47 22 parlé
416 1633 21 17 de
449 1632 27 17 l'I.
489 1631 24 18 N.
526 1631 22 18 R.

177 1681 130 20 LONGUEUR
324 1680 89 19 D'ONDE
424 1685 5 12 :
446 1679 49 21 338,3
513 1683 24 13 m.
551 1686 24 4 —
591 1676 20 19 P.
628 1681 20 16 15
664 1675 33 18 kw-

203 1704 78 20 (Langue
296 1701 101 21 flamande.)

201 1730 20 15 17
235 1724 33 18 h.:
285 1723 80 18 Causerie
380 1722 86 20 religieuse
480 1725 31 16 par
526 1720 27 18 M.
568 1720 6 17 1
581 1720 42 17 abbé
637 1720 58 16 Arras:

175 1746 26 18 La
217 1745 97 18 souffrance
331 1744 129 17 réconfortante.

201 1771 20 17 17
242 1767 18 17 h.
282 1770 35 14 10:
339 1765 73 18 Ccncert
433 1769 31 16 par
483 1762 96 19 l'orchestre
600 1763 95 16 tea-room:

176 1788 90 21 Hollidaya
283 1787 68 18 marche
369 1787 112 19 (Lauweryns
482 1786 5 10 1
493 1789 5 15 ;
518 1783 85 18 Fantaisie
619 1788 30 12 sur
667 1782 30 17 Pa-

176 1815 40 13 race
232 1810 78 17 d'amour
327 1808 122 20 iSc'oertzinger
461 1811 5 15 ;
486 1805 73 18 Feuilles
573 1804 77 18 d'album
667 1803 30 19 (A.

176 1831 124 19 d'Ambrosioj;
314 1830 48 18 Suite
373 1828 56 18 Ballet
443 1828 75 20 iPopy);
531 1827 26 17 La
567 1826 54 21 petite
633 1829 64 14 maison

176 1854 44 21 gri.e
236 1853 32 19 (H.
283 1852 64 19 Lobr);
365 1851 25 18 Le
406 1850 52 18 chant
474 1849 23 17 du
513 1848 55 18 désert
586 1846 111 21 (RomberfO.

202 1879 20 16 17
239 1874 18 18 h.
273 1878 22 17 45
305 1878 5 12 :
329 1872 73 21 Dirqucs
410 1876 7 13 :
435 1870 79 19 Préludes
530 1874 44 17 pour
588 1868 51 22 piano
657 1868 33 19 .De-

176 1895 62 21 bussy)
242 1909 5 5 .

203 1918 20 17 ïS
242 1917 18 17 h.
270 1921 5 13 :
293 1916 73 18 Concert
383 1919 31 17 par
431 1913 97 19 l'orchestre
545 1912 21 18 de
584 1911 17 19 la
618 1913 62 16 station
690 1915 5 12 :

176 1938 50 19 Suite
242 1943 43 16 pour
300 1937 83 18 orchestre
402 1935 111 21 (Messager).

202 1960 20 17 :8
238 1959 18 18 h.
272 1964 23 15 30
304 1964 5 12 :
327 1959 79 20 Disques.

201 1985 20 15 19
235 1980 12 17 h
267 1985 23 15 30
299 1985 6 12 :
319 1979 70 21 Journal
402 1978 52 22 parlé.

201 2006 21 13 :o
241 2001 18 18 h.
280 2001 11 18 à
311 2006 22 12 20
351 2001 18 18 h.
388 2005 21 16 45
420 2005 5 12 :
445 1999 57 18 Même
521 1997 77 19 émission
618 2002 33 16 que
668 2000 30 14 sur

177 2022 57 19 Ponde
249 2023 50 20 50S.3
316 2027 23 12 m.

200 2049 22 12 30
235 2044 18 17 h.
265 2049 22 15 45
298 2049 4 11 :
317 2043 80 18 Causerie
410 2048 31 15 par
453 2042 27 18 M.
492 2041 21 18 E.
527 2041 27 18 De
567 2040 65 20 Goeyse
641 2044 5 12 :
660 2039 38 17 Piet

177 2065 87 21 Pa_.ltjen5
274 2070 6 12 :
296 2064 75 19 Snikken
386 2070 21 12 en
424 2063 117 20 Grimlachjes.

200 2092 21 13 31
238 2087 18 17 h.
275 2091 21 16 05
307 2091 4 12 :
332 2085 137 18 Radiodiffusion
487 2085 23 17 du
529 2085 67 16 concert
612 2083 56 17 donne
686 2081 12 17 à

177 2108 99 19 l'Ancienne
298 2106 87 22 Belgique,
406 2106 12 17 à
440 2105 91 21 Bruxelles,
552 2110 32 16 par
603 2103 96 19 l'orchestre

177 2130 41 19 Mai
232 2129 67 21 Alexys.

200 2156 20 13 2:
237 2152 18 16 h.
264 2156 6 12 :
285 2150 70 20 Journal
370 2148 53 21 parlé.

384 2176 18 20 *
428 2175 20 22 *
474 2175 19 21 *

177 2208 297 27 Schaerbeek-Bruxelies
487 2215 7 16 :
515 2208 43 27 246
575 2214 32 16 m.

201 2246 20 13 10
234 2241 18 17 h.
266 2245 22 16 30
297 2246 5 12 ;
319 2240 72 17 Concert
404 2239 22 17 de
438 2238 79 20 musique
531 2237 55 18 variée
600 2238 18 16 et
631 2236 66 18 chants.

201 2268 19 12 n
235 2262 19 18 b.
262 2267 6 13 :
284 2262 81 20 Musique
380 2260 58 21 légère.

201 2289 19 12 11
237 2284 18 17 h.
270 2288 22 16 30
301 2288 6 13 :
324 2283 97 19 Chronique
435 2280 130 20 humoristique.

201 2311 20 12 11
240 2305 18 18 h.
276 2309 22 16 45
308 2309 6 13 :
333 2304 72 18 Concert
421 2301 123 19 d'accordéons.

200 2332 20 12 12
237 2326 18 18 h.
264 2331 6 13 :
289 2325 128 20 Informations;
437 2323 69 21 Reprise
523 2323 23 17 du
562 2323 68 17 concert
645 2321 52 18 varié.

200 2353 20 13 13
241 2348 18 19 h.
278 2352 23 16 30
310 2353 5 12 :
336 2347 153 20 Apéritn-concert.

200 2374 20 16 13
236 2369 19 18 h.
270 2373 22 17 45
302 2373 6 13 :
324 2368 89 18 Dernières
428 2365 123 19 îni'ormatfbns.

387 2389 21 22 •S
429 2388 20 22 é.
470 2387 20 22 •*

177 2417 388 27 Radio-Conférence-Bruxelles
578 2423 7 17 :
604 2416 44 23 216
664 2422 31 17 m.

201 2456 21 13 xo
236 2451 18 18 h.
263 2456 6 13 :
285 2450 73 18 Concert
372 2450 21 17 dc
406 2453 43 17 ga;a.

202 2477 20 13 10
238 2472 18 19 h.
272 2477 23 16 30
304 2477 5 12 :
327 2471 103 18 Confé.-cnce
444 2475 31 16 par
490 2470 27 17 M.
532 2469 71 20 Jasques
620 2468 77 19 Pirenne,

176 2496 68 17 avocat,
266 2493 95 21 professeur
385 2492 11 18 à
419 2490 110 19 l'Université
550 2491 23 17 de
595 2489 86 18 Bruxelles
691 2493 4 13 :

178 2520 12 12 <
198 2515 163 20 Accepterons-nous
384 2512 108 22 l'oppression
516 2511 110 21 linguistique
658 2515 40 13 cau-

176 2537 43 18 »erie
230 2536 66 18 donnée
307 2541 41 13 sous
360 2536 24 18 les
394 2534 76 22 auspices
481 2534 21 18 de
515 2534 16 17 la
542 2534 53 20 Ligue
606 2532 92 18 Nationale

175 2563 44 17 peur
238 2558 66 17 l'Unité
323 2557 56 20 Belge.

201 2585 19 11 n
238 2579 17 18 h.
264 2584 7 13 :
289 2579 73 17 Concert
378 2577 52 18 varié.

201 2606 19 12 ir
242 2601 17 18 h.
282 2605 19 16 15
311 2605 6 13 :
338 2599 103 18 Conférence
460 2603 31 17 par
510 2598 26 18 M.
555 2597 21 19 L.
595 2597 101 20 Vertongen,

175 2622 88 22 président
279 2622 21 17 de
317 2621 17 18 la
351 2620 84 19 Chambre
450 2620 22 18 de
487 2623 92 14 commerce
596 2617 101 22 belgo-tché-

175 2648 109 16 cos.ovaque.

201 2670 18 12 11
238 2665 19 18 h.
273 2669 23 15 30
305 2669 6 13 :
329 2664 48 18 Suite
393 2663 24 17 du
434 2664 73 16 concert.

200 2691 19 12 12
237 2686 18 18 h.
265 2691 5 13 :
287 2686 32 16 Fin
334 2685 22 18 de
371 2684 98 18 l'émission.

387 2706 21 21 é
430 2705 20 22 *
471 2704 21 23 *
505 2722 9 6 ,.
521 2721 3 3 .

177 2735 188 26 Bînche-Radio
379 2742 6 17 :
406 2742 42 23 243
464 2742 33 18 m.
512 2734 29 24 P.
556 2740 36 22 0,3
607 2733 48 23 kw.

200 2773 21 12 10
236 2767 19 18 h.
265 2772 6 14 :
290 2767 79 18 Cnocert.
387 2767 28 17 Au
432 2770 49 13 coure
498 2765 24 17 du
539 2766 67 16 concert
615 2768 6 13 :
639 2763 59 18 Revue

174 2789 92 18 boursière.

200 2815 21 16 15
237 2810 18 18 h.
271 2815 23 16 30
303 2815 5 12 :
326 2810 80 20 Disques.

200 2833 21 16 16
238 2831 18 18 h.
266 2836 5 13 :
289 2831 89 17 Diffusion
394 2830 29 18 des
439 2829 107 18 conférences
561 2827 92 21 organisées
667 2831 32 16 par

174 2853 19 19 U
209 2853 53 20 Ligue
278 2852 30 18 des
324 2852 73 19 familles
414 2851 112 17 nombreuses.

200 2875 20 17 18
238 2874 18 18 h.
267 2879 5 12 :
289 2873 90 18 Diifusion
396 2873 42 17 d'un
455 2874 67 18 concert
537 2871 90 20 artistique
642 2870 56 18 donne

174 2895 44 19 dans
231 2895 16 18 le
260 2896 42 16 Parc
315 2895 21 17 de
350 2895 16 16 la
378 2894 40 17 ville
430 2893 12 18 à
456 2893 88 17 l'occasion
557 2892 22 18 de
591 2892 18 17 la
622 2892 41 17 lète.

382 2922 21 20 &
428 2921 19 21 «
473 2921 19 20 *

175 2954 80 25 Radie
257 2954 81 23 -Paris
351 2960 7 17 :
377 2960 56 22 1725
446 2959 33 17 m.
492 2952 28 24 P.
536 2951 115 24 la-kw.--

201 2989 8 14 7
223 2984 17 17 h.
255 2989 22 15 45
287 2989 4 12 :
308 2984 79 19 Disques.

200 3006 11 16 8
225 3005 17 16 h.
250 3009 7 13 ;
273 3005 127 19 Inlormations;
417 3008 49 13 revue
479 3003 22 17 de
515 3005 16 15 la
544 3007 61 16 presse.

200 3026 11 17 8
224 3025 19 17 h.
255 3030 23 16 30
287 3030 6 13 :
308 3025 56 21 Leçon
377 3025 21 17 de
411 3025 67 17 ciûture
490 3024 91 20 physique.

202 3052 20 12 11
239 3047 18 18 h.
266 3052 6 13 :
292 3046 54 18 Cours
363 3046 22 18 de
401 3041 122 25 comptabilité.

201 3072 19 13 13
236 3067 18 18 h.
263 3073 6 13 :
286 3067 79 18 Causerie
378 3067 87 20 religieuse
477 3072 31 15 par
522 3066 17 18 le
553 3066 19 18 P.
586 3065 70 19 Lhande
669 3070 29 14 sur

175 3088 25 18 les
216 3089 84 18 missions.

200 3115 19 12 12
235 3110 17 18 h.
266 3115 23 15 30
298 3115 5 12 :
319 3110 72 17 Concert
404 3109 22 18 de
439 3109 79 21 musique
529 3109 74 21 d'orgue.

199 3136 20 13 12
235 3131 19 18 h.
268 3136 22 16 45
300 3136 6 12 :
321 3131 122 17 Informations
456 3130 22 18 de
492 3135 61 16 presse.

199 3158 19 15 15
235 3152 19 18 h.
263 3157 5 13 :
285 3152 81 21 Disques.
382 3152 82 20 Musique
478 3152 22 17 de
515 3152 57 18 danse.

199 3179 20 16 13
236 3174 18 17 h.
270 3179 20 16 15
300 3179 5 12 :
323 3174 93 20 Bilboquet
429 3173 63 21 jockey

199 3200 19 16 13
235 3195 12 17 h
262 3200 22 16 30
293 3200 5 13 ;
315 3195 81 21 Disque;.

198 3221 22 16 14
237 3216 18 18 h.
264 3221 6 13 :
288 3216 79 21 Disques,

199 3243 18 12 1»
235 3237 18 18 h.
262 3243 6 13 :
285 3238 73 17 L'heuie
374 3237 65 18 Odéon.

200 3264 20 15 19
240 3261 17 15 h.
267 3264 6 12 :
292 3259 126 21 Communiqué
435 3258 77 21 agricole.
532 3258 85 18 Causerie.
637 3257 52 19 Résul-

173 3282 36 16 tats
224 3280 30 17 des
269 3285 72 13 courses.

200 3306 20 16 19
235 3301 18 19 h,
269 3306 19 16 15
299 3307 5 12 :
319 3302 26 17 La
357 3301 70 21 journée
440 3301 111 20 économique
563 3304 18 15 et
595 3301 67 18 sociale.

200 3328 20 16 19
238 3322 19 19 h.
275 3328 22 15 30
306 3327 6 13 ;
332 3323 63 20 Cirque
413 3323 108 19 Radio-Paris
530 3328 6 13 :
553 3323 27 18 La
595 3323 63 20 parade
675 3322 21 18 de

174 3343 99 22 Bitboquet.
291 3344 75 20 Variétés
383 3348 17 14 et
419 3344 92 18 fantaisies.

198 3370 22 13 20
237 3365 18 18 h.
264 3370 6 13 :
288 3365 61 18 Radio-
351 3365 67 19 théâtre
427 3371 5 13 ;
450 3365 87 20 Monsieur
553 3365 85 21 Lambert,
654 3370 36 13 mar-

173 3386 58 20 chand
246 3387 22 18 de
283 3387 79 17 lab.eaux
377 3388 49 19 (.Max
441 3384 90 23 Maur'ey).

198 3413 22 12 20
236 3408 18 18 h.
269 3413 23 16 30
302 3422 3 3 .
325 3409 127 18 Informations,
470 3409 86 18 Résultats
572 3409 74 21 sportifs.
664 3409 25 17 Re-

174 3434 34 13 vue
224 3430 21 17 de
262 3430 17 17 la
295 3435 56 15 presse
367 3430 75 21 sportive
458 3433 17 15 et
491 3430 92 21 prévisions
599 3431 97 17 raétéoro.o-

174 3451 66 21 giques.

198 3477 22 13 20
234 3472 17 18 h.
265 3477 22 16 45
297 3477 5 13 :
317 3472 40 18 Une
370 3477 41 13 noce
425 3472 41 18 chez
477 3473 63 18 Vefour
552 3478 22 13 en
589 3474 48 21 tSSo,
651 3475 45 16 texte

173 3493 22 18 de
210 3494 26 18 M.
251 3494 22 18 G.
287 3494 95 19 Fauchard.

200 3519 20 13 21
238 3515 18 17 h.
277 3520 28 16 15-
324 3516 59 17 Revue
398 3515 22 18 de
438 3515 17 18 la
471 3520 55 16 presse
542 3516 24 17 du
583 3516 41 20 soir;
644 3516 51 17 înfor-

175 3536 74 18 natioas
265 3540 17 14 et
299 3536 51 17 beure
366 3540 64 14 exacte.

198 3562 21 13 21
235 3557 18 18 h.
269 3562 22 16 30
301 3562 5 12 :
323 3558 81 20 Disques.
419 3558 82 21 Musique
517 3558 58 21 légère.

383 3578 20 22 *
428 3579 20 21 «
473 3579 20 21 *

175 3609 69 25 Tour
261 3611 77 23 Eiffel
351 3618 7 17 :
378 3613 78 27 1445,8
471 3619 32 16 m.
519 3612 28 24 P.
563 3618 27 17 ia
606 3611 46 26 kw.

200 3642 21 17 18
234 3642 17 17 h.
266 3646 21 16 45
298 3647 5 12 :
318 3642 70 20 Journal
402 3643 51 19 pir.é.

199 3667 22 13 20
236 3662 18 18 h.
270 3667 22 13 20
301 3668 5 12 :
323 3663 64 18 Météo.

198 3687 22 14 so
232 3683 19 18 h.
266 3688 22 16 30
298 3688 5 13 :
318 3684 129 19 Radio-concert
461 3684 92 21 (disques).

386 3705 21 22 «
428 3705 20 22 *
470 3706 20 21 e

175 3733 63 25 LiUe
255 3734 184 27 (P.T.T.Nord)
448 3742 7 16 :
466 3737 43 27 265
522 3743 33 16 m.
569 3736 29 23 P.
605 3742 36 23 0,5
649 3736 46 23 kw.

197 3765 27 17 Au
239 3770 49 12 cours
303 3765 21 17 de
340 3766 15 16 la
371 3765 79 22 matinée,
464 3766 92 19 diffusions
568 3766 22 18 de
604 3767 93 21 rensefgne-

174 3788 56 15 nents
243 3786 138 21 colombophiles.

198 3808 11 16 8
225 3807 18 18 h.
258 3812 22 16 30
290 3813 5 12 :
312 3808 54 17 Cours
380 3808 111 21 d'espéranto.

196 3833 12 16 9
224 3828 18 18 h.
252 3833 6 13 :
274 3829 80 20 Disques.

199 3854 21 13 10
235 3853 18 15 a.
269 3855 22 15 30
301 3855 5 12 ;
323 3850 80 20 Disques.

199 3875 20 13 11
237 3871 18 18 h.
272 3876 23 16 30
306 3876 5 12 :
330 3872 89 17 Di:iusion
434 3872 22 18 de
472 3872 75 21 l'inaugu
549 3873 55 18 talion
620 3873 24 18 du
661 3878 36 13 mo-

174 3895 74 15 ■ument
267 3897 23 13 au
310 3892 84 18 maréciial
412 3894 51 21 Kaig,
483 3894 12 18 à
516 3894 181 21 Montreuil-sur-Mer,

174 3917 42 14 avec
230 3913 17 17 le
260 3918 82 13 concours
356 3914 21 17 de
391 3914 17 18 la
422 3915 77 21 musique
513 3916 21 18 de
549 3916 17 18 la
579 3916 56 19 Garde
647 3916 43 22 répu-

174 3934 80 19 blicaine.

199 3961 20 16 15
238 3956 18 18 h.
266 3961 6 13 :
290 3956 89 18 Difi'uzion
396 3957 95 22 éventuelle
506 3958 31 18 des
553 3959 86 18 auditions
656 3959 34 18 don-

174 3977 41 19 nées
227 3982 23 13 au
265 3978 42 17 Parc
320 3979 21 18 de
355 3979 64 18 l'Hôtel
433 3980 22 17 de
468 3980 41 18 ville
522 3983 18 15 et
552 3985 23 13 au
587 3981 77 19 Théâtre
675 3981 22 18 de

175 3997 74 19 Verdure
261 3999 22 18 de
295 3999 50 18 Mont
347 4005 28 12 reu
377 4000 94 18 îl-sur-Mer
482 4006 32 16 par
526 4001 24 18 les
562 4001 135 22 Scotts-Guards,

174 4019 18 19 h
209 4020 56 18 Garde
282 4021 123 20 Républicaine
423 4025 18 14 et
460 4022 23 18 les
501 4022 111 20 Crick-Sicks.

198 4046 22 13 2a
231 4042 19 18 h.
259 4047 5 14 ;
278 4042 53 21 Quart
342 4043 71 18 d'heure
423 4044 67 20 sportif.

199 4067 21 13 20
240 4062 18 20 b.
281 4068 19 16 15
310 4069 5 12 :
338 4064 73 18 Concert
430 4070 42 13 avec
493 4066 15 17 le
528 4071 80 13 coacouri
628 4067 22 18 de
669 4067 28 18 M.

175 4082 73 23 Geysen,
266 4085 72 18 flûtiste.

385 4106 20 23 *
427 4107 21 22 *
469 4107 21 22 *

179 4131 77 25 ■Radio
263 4134 155 32 -Strasbourg
434 4137 29 24 P.
470 4137 30 24 T.
507 4137 31 24 T.
550 4144 8 18 :
583 4144 65 24 345,2
663 4146 31 17 m.

205 4167 19 15 17
241 4163 17 18 h.
267 4169 6 13 :
289 4165 72 19 Concert
377 4168 124 18 instrumental.

203 4187 10 14 1
214 4186 10 18 7
240 4188 17 13 3*
272 4190 21 16 45
302 4191 5 13 :
324 4187 79 19 Causerie
419 4194 21 13 en
457 4189 79 22 français.

206 4205 20 16 18
238 4205 17 17 h.
264 4210 5 13 :
283 4206 71 19 Concert
366 4209 124 20 instrumental.

237 4226 17 31 t
267 4231 22 16 45
289 4247 16 10 ti
318 4228 76 19 Résultat
393 4236 10 12 *
414 4232 70 20 sportifs
497 4235 18 16 et
528 4232 75 19 causerie
616 4233 80 21 sportive.

203 4250 21 16 19
238 4249 20 28 £.
268 4252 5 12 :
290 4249 38 17 Une
340 4250 101 20 demi-heure
455 4253 22 18 de
491 4254 79 21 musique
584 4255 58 17 vocale

203 4272 20 15 19
238 4268 12 16 h
271 4272 22 16 30
302 4274 6 12 :
323 4269 56 19 Heure
394 4276 56 15 exacte
464 4277 18 15 et
496 4275 124 19 informations.

205 4293 21 16 19
244 4290 17 17 b.
280 4294 21 16 45
311 4295 5 12 :
334 4291 77 21 Disques.

202 4314 22 13 20
241 4310 18 19 h.
276 4315 23 16 30
307 4316 6 13 :
331 4312 55 19 Soirée
400 4314 98 20 alsacienne.

202 4336 20 12 22
236 4331 19 19 h.
268 4336 23 16 30
300 4337 5 12 :
319 4331 138 23 Retransmission
468 4337 59 21 depuis
540 4339 15 18 k
567 4340 76 19 Théâtre
656 4341 33 18 Mu-

178 4353 65 20 nicipal
262 4353 22 18 de
303 4353 49 18 Metz
370 4355 23 17 du
411 4360 67 16 concert
495 4359 55 19 donné
568 4366 32 16 par
617 4362 24 19 les
659 4362 29 19 lau-

179 4374 46 17 réats
242 4373 31 20 des
292 4379 81 14 concours
391 4376 21 18 de
431 4378 25 18 fin
475 4379 69 20 d'année
563 4382 22 18 du
604 4382 85 19 Conserva-

178 4398 50 14 toire.

385 4416 114 27 été

177 4444 223 27 Radio-Toulouse
412 4454 7 17 :
435 4450 41 27 381
490 4458 32 17 m.
536 4452 28 25 P.
577 4454 15 23 8
606 4454 47 24 kw.

202 4481 20 12 12
238 4476 18 18 h.
272 4481 22 17 45
305 4481 5 12 r
325 4477 67 18 Service
406 4478 79 21 religieux
498 4481 24 19 du
535 4483 45 19 culte
594 4485 97 21 catholique

202 4501 20 17 13
238 4497 18 18 h.
266 4502 6 14 :
289 4498 112 19 Demi-heure
416 4499 21 19 de
452 4501 56 19 bonne
521 4503 77 21 humeur.

201 4523 20 16 13
238 4518 19 18 h.
273 4524 22 13 30
304 4524 5 13 ;
327 4519 52 18 Culte
394 4523 100 18 protestant.

201 4544 20 16 14
236 4540 19 18 h.
264 4545 6 13 :
286 4540 127 23 Communiqué
428 4544 76 19 agricole.

201 4562 21 17 16
238 4561 18 18 h.
266 4566 5 13 :
288 4561 74 19 Concert
376 4567 33 16 par
421 4563 77 21 l'Aurore
511 4568 80 18 musicale
604 4569 42 20 (ioo
661 4575 37 13 mu-

176 4583 79 19 ■aens).

201 4608 21 18 ij
236 4605 18 17 h.
263 4609 7 14 :
286 4604 90 19 Orchestre
390 4606 82 19 viennois.

200 4629 21 16 17
236 4625 19 19 h.
273 4631 20 15 15
302 4631 7 13 ;
325 4626 89 19 Mélodies.

200 4650 20 16 17
238 4646 17 19 h.
274 4652 23 16 30
306 4652 6 13 :
331 4648 128 19 Informations.
468 4659 5 3 -

199 4671 21 16 17
234 4668 19 18 h.
268 4673 23 16 45
301 4673 5 13 :
324 4669 82 21 Musique
420 4670 22 18 de
456 4670 59 20 dansa.

201 4689 20 17 18
240 4689 18 18 h.
268 4694 6 13 :
294 4690 95 21 Opérettes.
408 4691 64 19 Chant.

181 4752 27 23 49
240 4761 13 15 <
260 4755 90 24 Nation
366 4756 97 29 Belge»
481 4757 35 24 du
532 4758 29 23 28
576 4758 65 27 juin.

178 4818 54 69 La
263 4821 194 69 Monnaie
498 4823 51 69 de
584 4824 120 81 Singe

395 4913 100 21 ROMAN

177 4954 56 24 par
245 4950 90 25 Lucie
352 4952 351 28 DELARUE-MARDRUS

742 480 18 16 iS
778 479 18 17 h.
814 484 19 16 15
844 484 4 13 :
865 479 90 19 Orchotrt
977 496 7 4 .

741 501 20 17 18
776 500 20 18 h.
811 505 23 16 30
843 505 6 14 :
865 499 128 20 Iafonnattet*.

741 522 20 17 18
775 522 19 18 h.
807 526 22 17 45
839 527 6 13 :
860 521 103 19 Accordéon.

742 548 19 15 19
776 543 19 19 h.
806 548 5 13 :
827 543 79 18 Concert.

742 570 21 15 19
776 565 19 18 h.
810 569 23 17 30
842 570 5 13 :
863 563 125 19 Informations.
1005 561 76 18 C***********-********.
1096 561 95 22 DtpecJut.

742 591 20 15 19
777 586 19 19 h.
811 591 22 16 45
843 592 5 12 :
864 586 69 21 Opéras.
947 583 63 19 Chant

741 612 22 13 30
779 607 19 19 h.
807 612 6 14 :
831 607 89 18 Orchestre
935 605 82 20 étranger.

741 634 22 12 ao
779 629 18 18 h.
816 634 20 16 15
845 634 6 13 :
869 628 81 19 Musique
965 626 86 17 militaire.

741 655 22 13 20
778 650 18 19 h.
811 655 22 16 30
843 655 5 13 :
864 649 66 19 Tangos
945 646 76 18 chantés.

742 676 21 13 30
778 671 18 19 h.
810 676 22 16 45
842 676 5 12 :
862 670 80 20 Musique
955 668 22 18 de
990 667 44 21 jais.

741 698 21 12 21
779 693 19 17 h.
807 698 5 12 :
830 692 77 18 Concert.
923 689 95 21 Opérettes.

741 720 20 12 22
778 714 19 18 h.
805 719 6 13 :
828 714 79 18 Disques.
921 710 73 18 Danses.

742 741 19 12 31
780 736 17 17 h.
815 739 29 16 30:
863 732 127 18 Informations.

742 762 20 15 23
778 756 18 18 h.
812 760 22 16 40
843 760 6 11 :
866 754 78 17 Concert.

742 783 20 15 23
778 778 18 17 h.
813 781 19 15 15
842 780 5 13 :
865 775 126 17 Informations.
1005 773 71 21 Journal
1091 779 39 14 sans
1145 775 60 22 papier
1219 776 22 17 de

721 799 82 19 l'Afrique
816 797 22 17 du
852 795 53 18 Nord.

741 825 20 15 23
777 819 18 18 h.
809 823 22 16 30
840 822 5 13 :
862 817 89 18 Orchestre
965 816 131 21 symphonique.

719 870 163 30 Langenberg
895 877 7 17 :
920 876 44 22 473
979 876 33 18 m.
1028 870 29 25 P.
1074 877 28 23 15
1117 870 47 25 kv».

740 907 9 15 7
764 902 19 17 h.
792 906 6 14 :
815 900 57 20 Relais
886 900 21 19 de
922 900 106 23 Hambourg.
1042 901 76 19 Carillon
1133 904 18 16 et
1166 903 74 17 concert.

739 924 10 16 8
764 923 17 17 h.
791 928 5 12 :
813 922 80 21 Disques.

739 945 10 16 S
762 943 17 19 h.
793 948 23 16 30
825 949 6 12 :
846 944 45 17 Pour
902 943 16 18 le
931 943 118 22 photographe
1061 946 83 16 amateur.

738 970 11 15 9
766 965 18 17 h.
794 970 5 13 :
817 964 82 19 Carillon.
916 964 75 19 Festival
1007 965 118 21 évangélique.

740 991 19 12 11
775 986 18 18 h.
803 990 5 13 :
823 986 73 18 Lecture
909 986 21 18 de
944 986 71 21 poésies.

741 1012 18 13 11
776 1007 19 18 h.
810 1011 23 16 30
842 1012 6 13 :
865 1007 74 18 Cantate
954 1008 22 18 de
992 1008 52 19 Bach.

740 1034 19 12 ij
776 1028 18 18 h.
812 1033 19 16 is
840 1033 8 14 ;
863 1029 43 18 Acte
921 1029 75 18 solennel
1012 1030 11 17 à
1039 1029 90 18 l'occasion
1145 1028 23 18 du
1183 1029 50 17 cente-

717 1050 46 17 naire
776 1050 22 18 de
812 1050 17 18 la
842 1053 45 15 mort
901 1051 24 18 du
940 1051 53 18 baron
1008 1056 33 13 von
1055 1050 53 19 Stein.

740 1076 19 15 13
773 1071 19 19 h.
808 1076 19 16 15
837 1076 7 14 :
858 1071 74 19 Concert
945 1073 91 17 orchestral
1049 1076 41 13 avec
1103 1070 58 19 chœur
1174 1070 58 18 d'hom-

717 1097 41 14 mes.

740 1119 20 15 14
776 1113 19 19 h.
810 1118 21 18 55
841 1119 6 14 :
862 1115 49 18 Suite
924 1114 21 18 de
958 1115 89 17 causeries.

740 1136 20 16 18
775 1135 18 19 h.
809 1141 21 12 so
839 1140 6 14 :
861 1136 24 18 Le
899 1136 62 18 monde
973 1141 32 16 par
1018 1136 74 20 disques.
1108 1134 88 19 Cfainsona
1210 1133 30 18 des

716 1158 68 20 steppes
800 1162 61 13 russes.

741 1183 19 15 19
774 1178 18 19 h.
807 1184 21 12 10
837 1184 5 12 :
858 1179 37 18 Une
909 1178 52 18 heure
974 1179 22 17 de
1009 1178 51 18 loisir.

739 1205 22 12 30
774 1200 18 17 h.
802 1204 5 13 :
822 1199 66 18 Denses
901 1203 18 14 et
932 1200 77 18 marches
1021 1204 32 16 par
1066 1198 16 18 le
1094 1197 144 19 radio-orchestre.

728 1221 88 18 Chansons
840 1220 93 21 classiques
957 1224 19 15 et
1000 1219 74 19 ballades
1098 1223 66 14 comme
1188 1219 46 17 inter-

717 1242 54 18 mède.

740 1264 76 20 Ensuite,
831 1263 71 21 jusqu'à
919 1268 21 16 24
956 1262 19 19 h.
985 1267 5 14 :
1008 1262 81 21 Musique
1104 1261 22 19 de
1141 1261 52 18 danse
1208 1265 32 17 par

718 1284 95 18 l'orchestre
830 1284 56 21 Harry
903 1284 56 18 Head.
965 1290 6 7 *

922 1306 19 19 *
970 1305 20 22 *
1019 1304 19 22 *

719 1335 127 29 Daventry
864 1336 95 27 (progr.
975 1334 106 26 nation.)
1105 1339 7 18 :
1133 1338 56 23 1554
1205 1338 33 17 m.

745 1365 80 25 Puiss.
839 1372 6 17 :
865 1372 28 22 35
911 1366 47 24 kw.

741 1401 20 12 10
778 1397 16 17 h.
812 1401 22 16 30
843 1401 6 13 ;
865 1396 57 20 Signal
939 1396 71 21 horaire,
1026 1395 100 20 navigation.

740 1422 20 16 15
775 1417 19 18 h.
804 1422 6 12 :
827 1417 73 18 Concert
915 1418 88 20 populaire
1017 1422 31 16 par
1062 1416 70 21 Sydnay
1147 1415 61 18 Balnes
1222 1416 18 16 et

716 1444 30 12 son
762 1438 90 18 orchestre.

740 1464 20 16 15
774 1460 18 19 h.
809 1464 20 17 15
839 1465 5 12 :
859 1460 76 18 Histoire
948 1460 21 18 de
982 1460 18 17 la
1012 1459 45 18 bible
1071 1463 43 17 pour
1125 1458 26 18 les
1164 1457 75 19 enfants.

742 1487 5 11 I
753 1487 7 10 :>
778 1481 18 18 h.
815 1485 19 16 15
844 1485 5 14 :
868 1481 74 18 Concert
958 1480 97 19 orchestral.

741 1507 19 16 17
777 1502 12 18 h
811 1506 37 16 30:
867 1502 67 18 Récital
949 1503 22 17 de
987 1502 52 18 chant
1056 1500 109 21 (contralto).
1182 1499 49 19 Chan-

715 1528 40 13 sons
767 1523 21 18 de
802 1523 73 20 Wagner
888 1526 18 15 et
919 1524 73 18 Strauss,

741 1546 20 17 là
778 1545 19 17 h.
805 1550 6 13 :
830 1545 76 18 Sermon.

741 1571 20 16 19
777 1566 18 18 h.
812 1570 20 16 55
843 1571 5 12 :
865 1566 67 18 Service
948 1566 80 21 religieux
1043 1564 55 21 relayé
1113 1564 23 19 de
1151 1564 18 18 la
1184 1563 56 20 Saint-

716 1588 57 20 James
787 1587 75 18 Church.

740 1614 22 13 20
775 1608 13 18 h
807 1613 22 16 45
839 1613 5 13 :
860 1608 26 18 La
898 1609 57 18 bonne
967 1613 58 13 œuvre
1036 1607 22 19 de
1070 1607 17 18 la
1099 1607 81 18 semaine.

739 1635 22 13 20
773 1630 18 18 h.
806 1635 20 12 10
835 1635 5 12 ;
854 1630 65 20 Météo,
933 1630 85 17 nouvelles
1030 1628 91 22 générales,
1133 1626 106 23 navigation.

740 1657 20 12 21
776 1651 18 18 h.
807 1655 22 16 05
838 1656 6 13 ;
861 1651 73 18 Concert
948 1650 119 19 instrumental
1079 1653 18 15 et
1111 1649 54 18 vocal.

740 1678 20 16 23
776 1673 18 18 h.
809 1677 23 16 30
841 1677 5 13 ;
862 1672 84 21 Epilogue
960 1673 85 20 religieux.

927 1694 21 21 *
970 1694 20 21 4
1012 1693 20 21 A

719 1724 98 23 Huizen
829 1730 7 17 :
855 1725 64 27 1.875
932 1730 33 17 rn-
980 1724 28 24 P-
1020 1724 15 22 8
1036 1729 20 23 -5
1070 1723 39 22 Icw
1110 1738 7 8 *

742 1759 20 13 10
779 1754 19 19 h.
817 1759 21 12 10
846 1758 6 14 :
871 1753 80 21 Disques.

741 1781 21 12 10
781 1775 19 19 h.
821 1780 20 16 55
851 1780 5 13 :
878 1775 89 18 Diifusion
988 1775 22 18 de
1030 1775 16 18 la
1065 1773 57 22 grand'
1124 1777 53 14 me.se
1197 1772 43 19 dans

718 1796 63 23 l'église
798 1797 57 18 Maria
871 1796 117 21 ïlemclvaart,
1005 1796 22 18 de
1044 1796 84 20 Kampen.

741 1824 19 12 13
778 1818 19 18 h.
813 1823 21 15 25
844 1823 6 12 :
868 1817 86 19 Causerie.

742 1845 18 12 12
776 1839 18 19 h.
809 1844 23 16 40
841 1844 5 13 :
860 1839 98 18 Allocution
973 1839 22 18 de
1009 1839 41 18 fête.

742 1866 19 16 13
777 1861 19 18 h.
804 1865 8 14 .'
829 1860 74 18 Concert
918 1865 32 16 par
967 1860 96 18 l'orchestre
1080 1859 21 19 de
1117 1858 100 18 balalaïkas.

741 1887 21 17 14
778 1882 19 19 h.
814 1886 23 17 40
846 1886 6 13 :
870 1881 93 22 Triolcque
979 1886 29 14 sur
1025 1881 24 19 les
1066 1880 105 21 catholiques
1188 1882 19 16 et
1224 1879 17 18 le

718 1904 43 18 film.

741 1930 20 16 15
774 1924 18 19 h.
806 1929 21 16 35
837 1929 5 13 :
856 1924 72 18 Concert
940 1929 32 16 par
983 1924 16 18 le
1009 1926 69 15 sextuor
1089 1922 23 19 du
1127 1922 66 19 _v.RO.

742 1952 19 15 17
778 1946 19 18 h.
815 1951 21 12 10
844 1950 6 13 :
869 1946 45 17 Pour
930 1945 24 18 les
971 1945 79 18 malades.

741 1973 21 13 30
777 1967 19 19 h.
811 1972 21 16 25
842 1972 5 13 :
863 1966 86 19 Cau.erie.

741 1992 22 15 30
779 1988 19 19 h.
816 1993 21 16 55
848 1993 5 13 :
873 1988 73 18 Concert
965 1993 32 16 par
1015 1987 97 19 l'orchestre
1129 1986 24 19 du
1171 1986 68 18 K.R.O.

740 2015 21 14 ai
777 2010 19 19 h.
810 2015 23 16 40
842 2015 5 12 ;
864 2009 122 18 Informations
1000 2009 23 18 de
1037 2013 61 16 presse.

741 2037 20 16 33
777 2032 19 18 h.
811 2036 21 13 30
842 2036 6 13 ;
865 2031 82 20 Epilogue
961 2036 32 16 par
1006 2031 17 17 le
1036 2031 44 21 petit
1094 2029 63 19 chœur.

923 2052 20 21 *
970 2052 19 22 *
1015 2052 19 21 *

720 2085 78 24 Rome
811 2092 7 17 :
836 2091 41 23 441
894 2092 33 16 m.
943 2084 29 24 P.
988 2091 28 22 50
1031 2084 47 25 kw.

742 2121 21 13 10
778 2116 19 18 h.
813 2120 19 16 15
842 2120 5 13 :
866 2115 81 21 Musique
963 2114 93 22 religieuse.

742 2143 20 15 13
777 2137 19 19 h.
804 2142 6 14 :
828 2136 72 18 Concert
915 2136 52 18 varié.

743 2164 19 15 17
782 2159 33 18 h.':
836 2158 73 18 Concert
929 2157 48 18 vocal
996 2159 19 17 et
1034 2156 126 19 instrumental.

741 2185 22 13 30
777 2180 18 19 h.
811 2185 21 12 10
840 2185 6 12 :
861 2179 81 20 Disques.

741 2207 21 12 31
779 2201 19 18 h.
807 2205 6 14 :
831 2201 25 17 La
872 2200 102 18 Demoiselle
990 2200 24 18 du
1032 2199 77 22 Cinéma,
1126 2198 76 22 opérette
1218 2203 21 13 en

719 2223 40 17 trois
775 2225 46 16 actes
834 2222 21 18 de
871 2221 47 19 Weln
919 2221 64 21 berger.

924 2242 19 21 *
969 2242 19 22 *
1014 2241 20 22 *

720 2276 95 24 Motala
828 2282 7 17 :
852 2282 55 22 1352
920 2282 33 18 m.
966 2274 29 24 P.
1009 2281 29 22 30
1051 2274 46 24 kw.

719 2307 145 24 Stockholm
877 2314 6 17 :
906 2307 43 28 436
967 2313 34 17 m.
1020 2306 28 25 P.
1068 2312 28 23 75
1116 2305 47 25 kw.

742 2343 20 13 II
778 2338 18 18 h.
805 2343 6 14 :
827 2337 65 20 Service
906 2337 54 18 divin.

742 2365 19 15 13
779 2360 19 18 h.
816 2364 21 14 30
845 2364 6 14 :
869 2359 82 21 Musique
967 2357 81 20 militaire
1065 2357 11 19 i
1093 2357 18 19 la
1125 2357 50 22 garde
1191 2362 41 13 mon-

718 2383 54 16 tante.

742 2407 20 16 13
777 2402 19 18 h.
811 2407 22 16 45
842 2407 6 13 :
865 2402 82 20 Musique
962 2400 60 22 légère.

742 2429 20 15 17
777 2423 19 18 h.
805 2428 6 13 :
827 2424 46 18 Pour
886 2423 24 18 les
923 2422 75 19 enfants.

742 2449 20 16 17
778 2445 18 19 h.
810 2444 24 21 36
843 2450 5 13 :
865 2444 80 21 Disques.

742 2467 20 17 iS
778 2466 18 18 h.
806 2472 5 12 ;
828 2465 68 22 Vêpres.

743 2492 19 15 19
777 2487 17 18 h.
810 2491 21 16 15
840 2492 6 13 :
862 2486 104 19 Vaudeville.

716 2523 5 6 ,
741 2514 21 12 30
777 2508 18 18 h.
810 2513 22 13 20
841 2513 5 13 :
862 2508 135 18 Radio-concert.

741 2534 20 13 31
776 2529 17 19 h.
807 2534 22 16 45
838 2534 7 12 :
860 2529 73 18 Concert
947 2528 88 22 populaire
1049 2527 108 20 d'orchestre,

924 2550 18 21 é
968 2550 20 21 6
1015 2550 19 21 *

720 2583 174 25 Radio-Suisse
910 2582 138 25 Romande.
1063 2594 31 6 —
1109 2581 129 24 Emetteur

748 2614 118 24 National
879 2621 6 17 :
901 2621 44 22 403
959 2621 34 18 m.
1006 2614 29 23 P.
1049 2620 29 23 25
1091 2613 48 25 kw.

719 2655 4 4 -
742 2650 21 13 io
777 2645 20 18 h.
805 2650 6 13 :
828 2644 52 19 Culte
894 2647 102 19 prolestant.

743 2671 19 13 11
782 2666 19 18 h.
810 2671 5 13 :
836 2667 96 20 Reportage
951 2666 22 18 de
992 2665 76 19 l'arrivée
1086 2671 22 13 au
1127 2668 72 15 sommet
1217 2665 23 18 du

720 2688 106 21 Gsmergraf,
845 2693 31 16 par
894 2688 16 18 le
928 2688 67 17 chemin
1014 2687 21 18 de
1055 2687 25 17 fer
1098 2687 143 21 Vicge-Zerraatt-

719 2709 106 22 Gomcrgrai,
841 2710 30 17 des
885 2709 78 21 délégués
978 2709 22 19 de
1014 2709 36 19 l'U.
1065 2709 16 18 I.
1096 2708 23 19 R.

743 2736 18 13 12
776 2731 18 18 h.
804 2736 5 13 :
824 2730 136 19 Radio-concert.

743 2753 20 17 iS
779 2753 19 18 h.
814 2757 23 16 30
846 2757 5 13 :
869 2751 105 19 Conférence
989 2752 92 20 religieuse.

721 2773 3 7 '
743 2778 20 16 19
779 2773 19 18 h.
807 2778 6 13 :
830 2773 143 19 Gramo-conccrt.

743 2800 20 15 19
778 2795 18 18 h.
811 2799 22 17 50
844 2800 5 12 :
864 2795 25 18 Le
902 2795 91 18 dimanche
1005 2794 67 22 sportif.

743 2821 22 13 30
779 2816 18 18 h.
806 2821 6 14 :
828 2816 41 18 Pète
882 2816 23 18 du
918 2817 35 17 soir
969 2816 62 20 (chant
1044 2819 18 15 et
1077 2815 68 22 orgue).

742 2842 22 13 30
779 2838 18 19 h,
812 2842 23 16 30
844 2843 5 13 :
867 2838 34 17 Soli
916 2837 22 19 de
954 2838 56 20 piano.

741 2863 21 13 30
774 2858 20 20 h.
806 2864 22 16 50
837 2864 5 12 :
857 2859 73 18 Concert
943 2864 32 16 par
987 2858 101 19 l'orchestre.

741 2885 20 12 32
780 2880 17 17 h.
806 2885 6 13 :
831 2880 90 17 Dernières
936 2880 92 17 nouvelles.

1328 328 229 55 AVIS
1598 326 137 55 DE
1782 322 525 59 SOCIETES

722 2942 513 79 VILLEGIâTURE

801 3146 85 20 Centre

739 3171 31 22 56,
791 3176 42 15 rue
854 3171 95 24 Longue

721 3196 115 20 Chambre
858 3196 13 20 1
906 3201 60 19 pers.

720 3221 49 23 dep.
784 3221 26 20 15
823 3221 39 24 fr.;
877 3221 91 20 chamb.

718 3246 14 19 2
750 3251 60 19 pers.
829 3247 49 23 dep.
896 3247 27 19 25
938 3247 30 19 fr.

718 3271 99 24 Arrang.
848 3276 44 19 par
909 3272 59 19 mois

718 3301 30 15 ou
762 3297 128 23 quinzaine.
907 3296 61 21 (3068

731 3378 99 32 Barvaux
846 3376 104 44 sjOurthe

719 3426 251 27 HOTELDES

723 3468 246 27 KA2ALLES

721 3506 119 24 Changem
842 3506 7 11 1
864 3506 28 20 de
906 3510 64 19 prop.

722 3531 68 19 Pens.
813 3531 68 20 Conf.
905 3530 61 20 mod.

719 3555 89 22 Pêches
835 3556 24 20 et
879 3556 90 19 chasse.

734 3580 65 24 Spéc.
819 3581 27 20 de
864 3580 93 21 Truites

756 3604 131 26 Téléphone
908 3606 27 19 22

895 3631 72 21 (3034)

780 3684 136 20 PENSION

736 3715 74 30 ASTRID
829 3718 121 27 WENDUYNE

725 3756 91 20 dernier
822 3757 97 24 confort,
927 3763 44 15 eau

723 3782 118 23 courante,
881 3783 90 20 cuisine

724 3806 99 25 soignée.
835 3807 98 25 Garage.

896 3834 72 21 (5707)

747 3887 195 21 HOUFFAUZE

742 3911 70 21 Hôtel
830 3913 28 20 de
875 3913 70 25 Liège

720 3936 83 24 Séjour
847 3938 117 24 agréable.

717 3961 84 21 Jardin
818 3963 149 24 d'agrément.

718 3986 53 20 Eau
799 3992 62 16 cour.
888 3989 79 19 Bains.

890 4013 73 22 (3031)

718 4088 74 21 Home
799 4089 167 25 Salnt-Aïjrnan

719 4114 66 23 77-79,
815 4115 37 20 Bd
883 4116 84 23 Clovis,

717 4139 124 21 Bruxelles.
854 4141 114 20 Pensions

718 4168 60 19 pour
796 4164 82 24 jeunes
898 4166 68 20 filles.

718 4189 146 21 Etudiantes.
895 4191 63 20 Grou-

717 4218 42 19 pes
776 4215 27 19 de
819 4219 106 21 passage.

892 4241 71 22 (3054)

1019 3075 106 20 HOCFF
1125 3074 90 22 ALIZE

993 3100 70 21 Hôtel
1095 3101 148 20 Saint-Roch.

993 3126 102 19 Pension
1108 3126 27 20 de
1147 3126 96 23 famille,

994 3151 89 20 cuisine
1100 3150 100 25 soignée.
1216 3151 27 20 30

995 3176 11 19 f
1007 3181 17 14 r.
1031 3176 145 25 juin-juillet;
1185 3175 57 21 août

994 3201 26 19 35
1034 3201 30 20 fr.
1169 3201 72 22 (3058)

999 3263 234 20 3HDDELKEHKE

992 3288 108 20 sur-Mer.
1117 3289 68 20 Pens.
1204 3289 31 20 Sa-

993 3319 51 19 voy.
1060 3314 46 23 142,
1122 3314 77 24 Digue
1215 3314 28 20 de

992 3340 56 22 Mer,
1060 3344 51 18 eau,
1123 3339 50 23 etc.,
1186 3339 56 20 cuis,

992 3364 80 25 soign.,
1095 3369 56 19 gar.,
1174 3365 66 19 Juin:

994 3389 26 20 35
1038 3389 30 20 fr.
1181 3390 60 22 (84»)

995 3449 101 21 Pension
1114 3450 76 24 grand
1208 3450 37 20 air

994 3479 28 19 pr
1039 3475 47 19 enf.
1103 3475 68 20 Soins
1187 3475 57 20 mat.

995 3499 139 24 Geudevert,
1165 3500 75 23 Mazy.

1183 3525 59 22 (839)

1047 3577 143 21 OSTENDE

993 3603 70 20 Pen».
1084 3609 12 13 «
1104 3603 54 20 Ritz
1164 3609 20 19 »,
1207 3610 35 15 av.

995 3629 28 19 de
1038 3630 24 19 la
1076 3629 80 24 Reine,
1171 3630 32 20 69.
1217 3640 25 5 —

994 3653 47 21 Tél.
1057 3654 57 21 1476.
1131 3656 61 20 Cuis,
1208 3661 28 15 ex-

995 3680 44 20 tra.
1053 3680 39 20 Pr.
1105 3681 61 21 mod.
1183 3682 61 21 (3057

1021 3734 194 25 Blankenberghe

993 3758 22 19 A
1034 3759 71 23 louer,
1124 3764 46 16 vue
1202 3765 42 16 sur

993 3788 57 18 mer,
1071 3783 14 20 1
1106 3789 34 20 gr.
1162 3785 36 20 ch.
1220 3786 24 20 et

993 3808 64 24 cuis.,
1075 3809 26 20 2e
1134 3808 29 22 et.
1180 3810 63 20 Août

993 3833 59 22 1,500
1072 3834 37 23 fr.,
1143 3835 61 20 situé
1223 3836 19 22 8,

993 3858 91 24 Rampe
1107 3859 31 20 du
1158 3860 85 20 Phare.

993 3882 53 21 Ecr.
1057 3883 32 23 38,
1100 3889 18 15 r.
1129 3884 40 21 des
1181 3885 63 20 Crol-

992 3907 66 24 siers,
1075 3909 109 21 Tournai.

1181 3935 59 23 (847)

1004 3986 103 20 Pension
1125 3987 105 22 Minerve

1025 4011 186 24 Heyst-sur-Mer

993 4036 61 20 Cuis.
1068 4037 58 24 solg.
1138 4037 51 21 Vue
1202 4043 41 17 sur

992 4065 58 16 mer.
1167 4063 72 22 (2967)

992 4114 103 21 Ostende
1113 4115 130 22 Extension

991 4139 69 21 Pens.
1075 4141 29 20 da
1117 4142 56 18 fam.
1177 4142 65 20 -Mon

991 4165 85 25 Rêve>,
1089 4171 18 15 r.
1118 4166 124 25 Archiduc,

990 4191 32 23 59,
1041 4197 65 19 pens.
1124 4194 83 23 compl.
1225 4193 17 21 à

991 4217 61 23 part
1064 4217 27 20 40
1103 4218 30 20 fr.
1146 4218 26 20 B.
1185 4219 57 20 cuis,

991 4243 62 20 conf.
1071 4243 61 21 mod.
1167 4244 72 23 (5721)

803 4293 162 39 PENSION
993 4295 164 39 FAMILLE

804 4342 54 24 près
878 4344 137 25 Exposition
1036 4346 118 22 Coloniale

816 4368 104 22 Confort.
939 4380 27 5 —
984 4371 58 20 Prix
1061 4371 107 22 modéréa

839 4393 137 22 PENSION
990 4396 126 21 EMEBIE

841 4418 36 23 13,
894 4424 90 17 avenue
1001 4419 111 23 Jolnvllle

780 4442 260 28 NOGENT/MARNE,
1053 4446 94 21 SEINE
1163 4447 72 23 (4175)

213 5009 81 26 Est-ce
309 5012 143 29 Beethoven,
466 5018 74 20 est-ce
554 5014 96 25 Mozart
662 5016 40 30 qui

181 5046 25 17 «e
219 5046 47 20 met
281 5043 15 24 à
309 5044 99 24 chanter
424 5045 19 24 si
457 5051 140 24 gravement
612 5055 41 16 sur
666 5048 35 24 les

179 5073 58 23 trois
263 5074 169 27 instruments?
465 5078 105 24 Alfreda
604 5079 96 24 devient

181 5106 63 22 toute
255 5107 64 28 .pâle.
335 5109 24 22 A
376 5116 94 18 mesure
486 5117 45 23 que
548 5111 35 23 les
601 5111 99 29 phrases

180 5137 126 25 musicales
322 5140 177 30 s'enchaînent,
515 5143 46 23 elle
576 5148 56 19 sent
648 5143 41 23 l'in-

180 5172 75 20 connu
278 5170 109 29 pénétrer
409 5176 52 20 tout
484 5180 42 17 son
549 5173 57 25 être.
630 5173 68 25 Cette

183 5200 105 29 musique
314 5203 147 29 européenne
486 5212 86 17 encore
597 5205 98 30 ignorée

181 5231 80 27 qu'elle
284 5234 91 28 croyait
397 5235 83 24 devoir
501 5237 24 23 la
547 5237 153 24 déconcerter

176 5267 93 20 comme
278 5265 46 23 elle
332 5265 145 26 déconcerte
486 5268 35 24 les
529 5269 104 29 Arabes,
641 5270 46 23 l'or-

181 5292 89 28 pheline
284 5300 52 19 sent
347 5297 82 29 qu'elle
441 5298 77 26 l'aime
531 5304 52 21 tout
595 5300 30 24 de
637 5300 62 25 suite

181 5323 51 25 d'un
246 5334 84 16 amour
341 5329 131 28 passionné.
486 5331 64 25 C'est
562 5332 136 25 l'initiation

182 5354 137 33 immédiate,
333 5360 57 25 c'est
404 5361 22 23 le
441 5369 60 23 coup
514 5363 29 25 de
558 5363 93 26 foudre.

212 5388 95 30 Beauté,
328 5391 77 28 bonté,
426 5392 57 30 joie,
505 5394 98 26 douleur
623 5396 30 25 de
673 5396 24 25 la

182 5421 100 29 musique
290 5422 6 24 !
311 5422 61 29 Quel
385 5423 76 25 trésor
475 5425 28 24 de
516 5428 180 29 magnificence,

182 5449 26 24 de
221 5454 106 24 noblesse
340 5459 24 19 et
378 5455 30 23 de
423 5456 104 26 douceur
539 5459 35 24 les
587 5459 109 26 humains

183 5483 77 24 ont-ils
277 5485 61 25 donc
356 5487 58 26 dans
431 5487 23 24 le
471 5496 64 18 cœur
551 5497 60 24 pour
628 5491 69 25 avoir

182 5512 89 27 inventé
283 5518 49 24 cela
339 5518 10 25 ?

213 5544 44 25 Les
271 5555 61 21 yeux
349 5550 22 24 d'
372 5550 101 25 Alfreda
490 5558 24 17 se
531 5557 53 20 sont
600 5554 95 31 remplis

181 5576 27 20 de
223 5576 89 27 larmes.
330 5581 45 25 Les
392 5582 77 25 mains
485 5583 102 26 croisées
605 5593 41 18 sur
660 5593 33 18 un

181 5610 80 26 genou,
278 5610 24 24 U
322 5612 47 25 tête
390 5622 30 17 en
441 5618 73 21 avant
533 5616 52 29 ,elle
603 5617 89 31 pleure.

752 4515 83 33 Grande
849 4517 152 35 Manufacture
1022 4520 26 33 de
1064 4521 90 38 Cigares
1164 4521 45 35 fins

802 4573 24 20 «
845 4561 264 34 BELGITÂ
1131 4579 23 20 »

751 4605 88 23 fournit
867 4609 41 21 dea
937 4611 91 24 cigares
1042 4611 16 21 à
1086 4613 76 24 partir
1178 4613 29 20 de

749 4630 36 20 450
799 4632 29 20 fr.
841 4634 22 19 le
875 4635 69 20 mille.
959 4636 122 25 Cigarillos
1093 4637 17 21 à
1121 4638 40 20 100
1174 4639 30 20 fr.

750 4655 16 34 I
759 4658 12 17 e
781 4679 6 10 .
790 4660 15 14 n
805 4685 9 4 .
814 4661 8 14 1
823 4657 19 32 !i,
839 4662 12 15 e
852 4672 6 5 -
875 4658 55 21 Ecri
932 4665 25 15 ra
977 4666 6 15 :
1002 4667 43 15 rue
1064 4663 32 20 du
1112 4663 93 23 Chœur,

751 4680 150 27 Saint-Gilles,
913 4685 31 23 15,
955 4685 32 24 17,
997 4686 130 27 19,Bruges.
1131 4688 72 23 (1370)

715 4782 4 4 ■
729 4765 43 24 Ses
786 4767 42 24 cils
840 4776 30 17 ne
882 4771 91 27 battent
986 4782 49 23 pas,
1050 4784 43 17 son
1106 4782 96 21 menton
1215 4786 31 16 ne

729 4799 98 24 tremble
850 4808 48 22 pas.
922 4803 51 26 Elle
995 4806 82 30 pleure
1099 4809 147 30 doucement,

729 4835 54 17 sans
794 4831 22 22 le
829 4833 85 25 savoir.

756 4872 31 5 —
798 4861 64 26 C'est
876 4865 69 29 beau,
957 4867 95 29 hein?...

746 4921 6 7 .
761 4890 120 33 Marcelle,
898 4896 23 24 le
938 4897 94 28 dernier
1048 4904 87 24 accord
1154 4904 92 30 frappé,

728 4927 64 20 vient
805 4924 29 24 de
847 4933 25 16 se
884 4931 123 24 retourner
1019 4941 41 17 sur
1073 4942 43 17 son
1129 4936 116 25 tabouret.

728 4956 53 23 Elle
792 4957 100 29 regarde
903 4963 52 21 tout
968 4961 21 25 le
1001 4966 84 24 monde
1098 4967 55 24 d'un
1166 4968 38 24 air
1216 4968 29 24 de

728 4985 142 27 véhémence
900 4990 85 27 froide.
1014 4994 51 27 Elle
1080 5002 36 20 est
1145 5006 101 21 presque

726 5024 129 22 agressive.

754 5049 41 24 Un
818 5051 62 28 petit
903 5061 124 21 murmure
1048 5060 196 32 d'approbation,

724 5081 68 23 Mme
804 5081 86 30 Antin,
901 5086 76 25 assise
989 5092 54 22 tout
1055 5091 55 30 près
1119 5093 33 24 du
1161 5094 82 29 piano,

711 5124 4 16 ,
726 5119 102 23 soupire.
851 5114 44 24 Se*
915 5116 56 29 jolis
991 5127 63 21 yeux
1074 5127 54 21 sont
1149 5125 95 31 remplis

710 5148 4 39 j
724 5143 30 24 de
774 5151 80 22 songe.
876 5146 101 33 Marthe,
998 5158 46 18 une
1062 5154 58 29 joue
1140 5156 60 25 dans
1219 5157 23 24 la

710 5177 4 40 ]
723 5182 72 21 main,
812 5177 87 24 semble
917 5178 95 28 écouter
1028 5191 86 19 encore
1130 5187 24 24 la
1170 5189 73 23 musi-

709 5222 5 27 (
723 5214 46 22 que
784 5215 40 22 qui
842 5208 55 25 s'est
912 5214 47 21 tue.
974 5213 123 28 Jeannette
1112 5218 131 26 elle-même

724 5242 62 21 reste
801 5247 83 21 grave.
901 5241 48 25 Son
964 5246 66 28 mari,
1046 5252 37 21 cet
1099 5248 50 26 être
1164 5250 78 29 banal,

723 5277 104 23 esquisse
844 5278 33 17 un
895 5274 91 25 sourire
1002 5279 96 26 extasié.
1117 5280 35 27 La
1169 5282 61 24 musi-

721 5309 52 23 que,
788 5310 28 17 ce
831 5303 56 28 soir,
901 5306 86 24 semble
1000 5309 69 25 avoir
1081 5312 92 24 embelli
1187 5317 55 20 tous

721 5334 35 25 les
770 5342 102 22 visages.
887 5335 78 31 Seule,
977 5339 57 26 miss
1047 5342 106 29 Donson.
1167 5344 75 25 assise

721 5373 41 17 sur
775 5366 123 26 l'extrême
911 5368 60 25 bord
984 5370 68 27 d'une
1066 5374 87 30 chaise,
1166 5376 75 30 garde

721 5405 26 17 sa
759 5397 81 31 figure
851 5398 30 25 de
893 5398 90 32 chaque
995 5401 63 31 jour.
1070 5404 38 31 Et,
1120 5407 109 25 machina-

719 5430 94 28 lement,
827 5437 38 17 ses
878 5438 65 22 yeux
957 5439 55 20 sans
1024 5435 104 27 émotion
1142 5439 87 25 surveil-

720 5462 49 24 lent
781 5461 30 24 de
822 5461 49 25 loin
884 5462 24 24 la
920 5466 70 23 tenue
1002 5466 29 24 de
1043 5467 104 28 Marthe.

751 5493 34 24 Us
805 5492 166 28 continuèrent
989 5496 24 25 le
1031 5498 47 26 trio
1097 5502 142 29 commencé,

717 5524 166 25 l'achevèrent.
898 5526 33 25 Ils
944 5526 111 30 jouèrent
1067 5530 103 27 d'autres
1183 5533 46 24 cho-

718 5564 39 17 ses
780 5564 92 17 encore.
896 5557 122 27 Personne
1039 5560 90 27 n'avait
1150 5571 32 17 vu
1204 5565 36 25 les

717 5588 88 25 larmes
819 5588 131 26 d'AIfreda.
966 5589 87 31 Quand
1067 5600 32 19 on
1114 5593 82 27 écoute
1209 5595 30 25 de

715 5620 24 24 U
755 5619 121 31 musique,
892 5628 35 18 on
943 5620 74 27 dirait
1034 5623 74 31 qu'on
1126 5625 40 26 n'a
1182 5627 56 31 plus

1375 416 131 22 SOCIETE
1521 415 156 21 ANONYME

1309 443 147 37 Sucrerie
1492 442 40 36 de
1566 442 173 36 Warneton

1448 492 21 36 à
1482 492 119 35 Fumes

1353 541 68 25 Stèffe
1433 540 72 20 icclal
1520 545 8 15 :
1541 538 17 22 à
1569 537 125 22 FUBNSS

1287 594 57 20 MM.
1358 595 32 19 les
1404 593 164 21 Actionnaires
1582 592 55 20 sont
1648 590 63 25 priés
1727 590 48 21 d'as-

1262 619 71 21 sister
1347 617 17 22 à
1378 617 151 22 l'Assemblée
1544 616 115 21 Générale
1674 615 112 20 Extraoi*-

1263 645 96 23 dlnaire,
1374 645 40 24 qui
1429 649 26 15 se
1470 644 93 20 tiendra
1578 648 32 15 au
1625 641 64 25 siège
1704 640 80 24 social,

1261 671 22 20 le
1298 669 77 21 mardi
1389 670 13 19 7
1416 669 76 24 juillet
1506 668 59 24 1931,
1579 667 16 21 à
1610 668 26 19 11
1652 668 91 19 heures.

1375 700 109 20 ORDRE
1501 700 45 20 DU
1555 699 89 21 .JOUR
1663 703 7 16 :

1285 733 18 20 I.
1318 732 118 25 Apporter
1451 736 48 15 aux
1514 731 87 20 statuts
1617 731 34 20 les
1667 729 112 21 modifica-

1262 758 63 20 tions
1339 758 121 20 suivantes
1478 762 6 15 :

1286 789 51 20 Art.
1351 789 32 20 10.
1395 798 28 5 —
1435 788 143 25 Supprimer.

1287 821 50 20 Art
1351 821 33 19 11.
1397 830 27 5 —
1437 821 141 24 Remplacer
1592 825 52 19 par:
1660 825 13 14 «
1685 818 90 21 L'admi-

1262 846 126 20 nistration
1402 845 29 20 de
1444 846 25 19 la
1481 845 88 20 société
1583 846 37 19 est
1633 844 95 21 exercée
1742 849 44 20 par

1262 876 31 15 un
1308 870 86 20 conseil
1409 870 213 20 d'administration
1635 868 109 26 composé
1756 870 28 19 de

1262 896 53 23 sept
1331 895 117 20 membres
1465 900 32 15 au
1514 895 77 20 moins
1608 896 24 19 et
1649 896 24 19 la
1689 895 88 19 surveil-

1262 921 67 19 lance
1345 920 37 20 est
1397 919 92 21 confiée
1504 919 16 20 à
1536 920 13 19 3
1565 920 179 20 commissaires.

1287 952 33 19 Le
1335 952 87 20 conseil
1437 957 30 14 ne
1483 952 56 23 peut
1556 951 114 21 délibérer
1685 951 91 20 valable-

1262 976 66 21 ment
1343 981 45 19 que
1406 976 21 20 si
1444 976 24 20 la
1485 975 110 25 majorité
1614 977 27 19 de
1659 982 37 14 ses
1714 981 62 15 mem-

1261 1002 54 20 bres
1332 1002 36 19 est
1384 1000 115 25 présente.

1287 1033 45 20 Les
1348 1032 140 21 résolutions
1505 1033 55 19 sont
1575 1033 75 23 prises
1666 1031 16 21 à
1696 1033 24 19 la
1737 1038 39 15 ma-

1260 1057 71 25 jorité
1345 1058 41 20 des
1400 1058 60 20 voix.

1287 1090 37 19 En
1335 1095 40 14 cas
1387 1090 28 20 de
1426 1088 76 25 parité
1513 1089 28 20 de
1552 1089 59 23 voix,
1623 1089 56 20 celle
1691 1089 32 20 du
1733 1088 43 25 pré-

1261 1114 78 20 sident
1352 1114 36 20 est
1399 1113 194 26 prépondérante.
1605 1119 11 14 »

1286 1139 51 20 Art.
1348 1140 32 19 12.
1391 1148 28 6 —
1430 1139 140 24 Remplacer
1581 1143 45 20 par
1641 1143 6 15 :
1662 1144 12 13 c
1686 1138 33 20 Le
1731 1143 44 15 con-

1261 1164 43 20 seil
1324 1164 213 20 d'administration
1570 1164 37 20 est
1638 1163 86 20 investi
1744 1163 40 20 des

1261 1189 110 24 pouvoirs
1386 1189 34 20 lea
1436 1188 61 25 plus'
1505 1188 99 20 étendus
1620 1193 60 20 pour
1696 1188 80 20 l'admi-

1261 1214 127 20 nistration
1403 1214 28 20 de
1445 1214 24 20 la
1482 1213 93 21 société.

1287 1238 62 20 Tout
1366 1244 27 15 ce
1411 1239 41 23 qui
1470 1238 61 20 n'est
1548 1243 43 19 pas
1610 1237 175 25 expressément

1261 1262 93 21 réservé
1370 1263 16 20 à
1402 1262 144 21 l'assemblée
1563 1262 110 25 générale
1689 1268 45 19 par
1750 1263 34 20 les

1260 1288 95 23 statuts,
1371 1293 31 15 ou
1416 1293 45 19 par
1475 1289 25 19 la
1514 1288 31 20 loi
1561 1288 36 20 est
1613 1288 28 20 de
1654 1289 24 19 la
1693 1287 82 25 compé-

1261 1314 67 19 tence
1346 1314 32 19 du
1396 1313 98 20 Conseil.
1512 1313 21 20 Il
1550 1313 63 24 peut,
1630 1313 154 23 notamment,

1261 1339 120 19 censentir
1394 1338 78 20 toutes
1486 1337 153 25 acquisitions
1653 1343 31 15 ou
1698 1337 77 21 aliéna-

1261 1363 62 20 tions
1343 1363 165 23 d'immeubles,
1527 1363 78 20 toutes
1623 1362 161 25 hypothèques

1261 1393 30 15 ou
1307 1388 165 23 subrogations
1489 1388 28 19 de
1532 1387 131 25 privilèges,
1680 1393 96 20 compro-

1262 1413 86 20 mettre
1361 1418 31 14 ou
1404 1413 119 24 transiger
1535 1417 41 15 sur
1589 1413 54 19 tous
1656 1413 74 20 droits
1743 1413 33 19 im-

1258 1437 120 21 mobiliers
1384 1442 31 15 ou
1422 1437 124 24 mobiliers,
1554 1438 61 19 faire
1628 1439 53 18 tous
1688 1438 98 23 emplois

1261 1462 111 24 capitaux
1385 1463 27 19 de
1425 1463 148 23 disponibles,
1586 1463 53 19 tous
1651 1463 133 23 transports

1262 1487 28 20 de
1309 1487 78 20 rentes
1419 1491 31 16 ou
1480 1487 100 23 valeurs,
1600 1487 53 20 tous
1672 1487 65 20 actes
1756 1487 28 20 de

1260 1511 136 24 mainlevée,
1412 1511 28 20 de
1454 1511 131 25 privilèges,
1601 1512 182 24 d'hypothèques

1261 1537 23 19 et
1299 1537 28 19 de
1340 1537 76 22 saisie,
1431 1537 76 19 même
1521 1541 56 16 sans
1590 1537 125 24 paiement,
1730 1538 53 19 tous

1262 1560 163 21 désistements
1439 1562 24 19 et
1474 1562 207 24 acquiescements.

1287 1587 38 19 En
1340 1591 32 15 un
1388 1587 56 22 mot,
1460 1587 16 19 il
1492 1587 56 23 peut
1563 1587 61 19 faire
1638 1587 78 20 toutes
1732 1586 44 25 opé-

1261 1611 90 20 rations
1371 1616 26 15 se
1418 1611 138 20 rattachant
1578 1611 154 21 directement
1754 1617 30 15 ou

1261 1635 179 21 indirectement
1451 1640 32 16 au
1494 1636 42 20 but
1548 1636 28 20 de
1589 1636 23 20 la
1624 1635 108 25 présente
1745 1637 30 19 So-

1261 1660 66 21 ciété.
1341 1666 12 14 »

1286 1686 51 20 Art.
1350 1686 32 19 13.
1396 1696 27 5 —
1435 1686 141 24 Remplacer
1589 1691 52 19 par:
1658 1691 12 14 €
1684 1686 32 20 Le
1730 1691 45 15 con-

1261 1711 42 20 seil
1321 1711 212 20 d'administration
1551 1716 94 15 nomme
1663 1711 60 20 dans
1741 1716 42 15 son

1261 1736 50 20 sein
1330 1741 33 14 un
1380 1735 300 25 administrateur-délégué
1698 1734 86 26 auquel

1260 1761 17 19 il
1288 1759 95 26 délègue
1394 1760 52 20 tout
1456 1766 30 14 ou
1497 1760 77 25 partie
1586 1761 28 20 de
1625 1766 38 15 ses
1673 1762 110 23 pouvoirs

1262 1785 58 20 dans
1332 1786 34 19 les
1377 1784 88 22 limites
1476 1784 93 26 légales.
1581 1786 21 19 Il
1613 1785 49 21 fixe
1674 1791 43 15 son
1728 1786 47 20 trai-

1261 1811 90 19 tement
1363 1810 41 24 qui
1417 1811 37 19 est
1467 1809 89 26 Imputé
1569 1815 42 15 sur
1624 1811 34 20 les
1672 1811 60 20 frais
1746 1810 29 25 gé-

1261 1834 95 21 néraux.

1288 1860 32 20 Le
1338 1860 87 20 conseil
1443 1860 213 20 d'administration
1674 1866 15 15 a
1707 1861 24 19 la
1749 1861 26 20 fa-

1261 1884 62 21 culté
1339 1885 28 20 de
1380 1890 107 15 nommer
1501 1890 30 15 en
1545 1886 67 19 outre
1626 1891 33 14 un
1673 1886 102 19 adminis-

1261 1910 219 20 trateur-directeur
1503 1911 84 23 auquel
1599 1911 17 19 il
1641 1909 142 26 déléguerait

1262 1935 40 20 des
1318 1935 110 24 pouvoirs
1444 1934 147 21 déterminés.
1607 1941 12 13 »

1288 1960 51 20 Art.
1351 1960 32 19 14.
1393 1970 28 4 —
1430 1960 141 24 Remplacer
1578 1965 53 19 par:
1644 1961 57 19 «Les
1712 1960 64 20 admi-

1261 1985 141 20 nistrateurs
1418 1985 55 19 sont
1488 1984 106 21 nommés
1610 1986 24 19 et
1650 1985 133 20 révocables

1261 2015 30 14 en
1304 2009 53 20 tout
1370 2010 76 23 temps
1461 2014 44 19 par
1518 2009 143 21 l'assemblée
1675 2009 108 25 générale

1262 2034 40 20 des
1316 2034 164 20 actionnaires.

1288 2059 37 20 Un
1338 2059 194 21 administrateur
1544 2060 50 20 sort
1607 2060 90 24 chaque
1709 2059 75 21 année

1262 2084 31 20 du
1305 2084 93 20 conseil.

1289 2109 95 20 L'ordre
1407 2109 29 21 de
1458 2109 72 21 sortie
1553 2110 36 20 est
1611 2109 63 25 réglé
1695 2114 44 20 par
1761 2110 22 19 la

1260 2134 52 20 voie
1324 2135 31 19 du
1365 2134 62 23 sort,»

1288 2159 220 21 L'administrateur
1527 2159 93 21 sortant
1640 2160 36 19 est
1695 2158 89 26 rééligi-

1261 2183 44 21 ble.
1319 2189 13 14 »

1287 2209 50 20 Art.
1352 2209 38 22 15.,
1397 2219 28 5 —
1437 2209 22 20 A
1472 2209 93 24 ajouter
1582 2214 6 15 :
1603 2215 12 14 «
1628 2208 155 21 L'assemblée

1261 2232 109 25 générale
1382 2238 87 20 pourra
1482 2234 51 21 leur
1544 2234 89 20 allouer
1645 2234 41 20 des
1698 2233 77 21 émolu-

1261 2258 77 20 ments
1351 2258 67 20 fixes.
1432 2265 12 15 »

1287 2283 50 20 Art.
1358 2284 33 20 25.
1413 2293 26 5 —
1459 2284 111 20 Modifier
1591 2288 90 15 comme
1703 2283 48 20 suit
1775 2288 5 15 :

1263 2313 11 13 «
1295 2308 58 20 Sont
1372 2307 167 25 spécialement
1559 2307 118 21 réservées
1698 2307 16 20 à
1732 2308 42 20 ras-

1261 2332 101 21 semblée
1375 2332 108 25 générale
1495 2333 33 20 les
1542 2333 119 24 questions
1674 2333 109 20 relatives

1261 2363 47 15 aux
1321 2358 78 24 points
1413 2357 108 21 suivants
1538 2363 6 15 :

1286 2382 24 22 1)
1324 2382 160 25 Approbation
1497 2383 108 20 annuelle
1618 2383 40 20 des
1671 2383 76 19 bilans
1760 2382 23 20 et

1263 2407 179 21 détermination
1457 2408 40 19 des
1511 2407 117 20 bénéfices
1641 2406 16 21 à
1670 2406 111 25 répartir;

1288 2432 30 22 2.)
1335 2432 123 24 Décha-£e
1474 2437 47 15 aux
1537 2432 206 20 administrateurs
1760 2432 24 21 et

1262 2457 181 23 commissaires;

1288 2482 30 22 3.)
1331 2483 109 20 Fixation
1453 2483 31 19 du
1494 2483 97 20 nombre
1603 2482 24 23 et
1636 2482 147 20 nomination

1262 2507 40 20 des
1322 2507 116 21 membres
1457 2508 31 19 du
1507 2508 86 19 conseil
1612 2507 162 20 d'administra-

1260 2532 50 20 tion
1323 2533 24 19 et
1358 2532 40 20 des
1409 2533 182 22 commissaires;

1286 2558 24 20 4)
1328 2557 156 20 Ratification
1501 2557 40 20 des
1557 2557 64 20 actes
1637 2557 31 19 du
1684 2556 96 23 conseil;

1261 2582 79 25 quand
1351 2582 61 20 cette
1424 2582 146 20 ratification
1581 2582 37 20 est
1630 2582 100 23 requise;

1287 2607 23 22 5)
1330 2605 110 22 Création
1458 2607 171 24 d'obligations;

1287 2632 23 21 6)
1325 2632 152 20 Nomination
1491 2632 40 19 des
1544 2632 153 23 liquidateurs
1709 2632 23 19 et
1746 2630 27 20 dé-

1262 2657 151 20 termination
1426 2657 28 19 de
1467 2657 63 19 leurs
1543 2657 118 23 pouvoirs;
1676 2657 34 19 les
1724 2655 49 20 déci-

1262 2682 63 20 sions
1341 2681 28 21 de
1384 2681 143 20 l'assemblée
1541 2681 144 20 concernant
1698 2682 34 19 les
1747 2681 35 19 six

1262 2707 78 23 points
1355 2707 113 20 ci-dessus
1484 2707 54 19 sont
1553 2706 74 24 prises
1642 2705 15 20 à
1672 2706 24 20 la
1710 2705 64 24 majo-

1262 2731 45 20 rité
1321 2732 95 19 absolue
1430 2732 40 19 des
1485 2731 62 23 voix;

1288 2757 23 20 7)
1328 2756 174 20 Modifications
1517 2761 46 15 aux
1577 2756 97 22 statuts;

1288 2782 23 20 8)
1327 2781 88 20 Fusion
1430 2786 56 15 avec
1502 2781 102 20 d'autres
1618 2779 109 24 sociétés;

1289 2806 22 22 9)
1330 2806 154 24 Prorogation
1501 2811 31 15 ou
1549 2806 137 19 dissolution
1702 2805 80 20 antici-

1263 2830 42 25 pé*5
1326 2831 28 20 de
1371 2831 24 20 la
1415 2830 100 24 Société;

1288 2856 37 20 10)
1349 2855 183 25 Augmentation
1555 2860 30 15 ou
1608 2854 121 21 réduction
1753 2855 30 19 du

1263 2881 87 23 capital
1364 2880 78 20 social.

1289 2904 113 24 Lorsqu'il
1420 2905 70 23 s'agit
1510 2905 27 19 de
1558 2904 113 20 délibérer
1690 2909 41 14 sur
1751 2904 33 19 les

1262 2929 120 24 questions
1398 2933 63 16 sous-
1469 2930 33 19 les
1518 2928 111 21 numéros
1645 2929 53 23 sept
1714 2928 15 20 à
1746 2929 38 18 dix

1261 2954 112 24 ci-avant,
1388 2953 144 21 l'assemblée
1550 2954 60 19 n'eât
1627 2953 156 21 valablement

1263 2977 130 21 constituée
1410 2983 44 19 que
1470 2979 21 18 si
1508 2979 34 19 les
1560 2978 169 20 convocations
1743 2978 41 19 ont

1263 3003 46 20 mis
1327 3002 167 25 spécialement
1513 3008 39 14 ces
1571 3002 76 24 objets
1667 3002 15 20 à
1701 3002 83 20 l'ordre

1264 3028 32 19 du
1313 3028 54 23 jour
1383 3027 25 20 et
1425 3028 21 19 si
1463 3032 59 15 ceux
1540 3028 40 23 qui
1598 3028 113 19 assistent
1728 3026 15 21 à
1761 3028 24 19 la

1264 3052 99 20 réunion
1398 3051 162 25 représentent
1593 3053 24 19 la
1651 3051 80 21 moitié
1753 3057 31 14 au

1264 3078 76 19 moins
1356 3078 32 19 du
1403 3078 87 23 capital
1507 3077 79 20 social.

1290 3102 25 20 SI
1330 3103 62 20 cette
1409 3102 105 20 dernière
1531 3102 119 20 condition
1666 3102 59 20 n'est
1742 3107 42 19 pas

1265 3127 101 24 remplie,
1382 3132 46 15 une
1443 3128 106 19 nouvelle
1563 3128 153 19 convocation
1732 3132 53 15 sera

1264 3151 131 21 nécessaire
1410 3153 23 19 et
1447 3153 24 19 la
1485 3153 105 19 nouvelle
1604 3151 129 21 assemblée
1748 3151 28 21 dé-

1265 3176 99 21 libérera
1380 3177 156 21 valablement
1550 3177 74 24 quelle
1640 3182 45 19 que
1700 3177 46 20 soit
1762 3178 23 19 la

1263 3202 92 24 portion
1374 3202 31 20 du
1423 3202 86 24 capital
1528 3201 148 25 représentée
1693 3207 44 20 par
1755 3202 33 19 les

1265 3228 157 20 actionnaires
1439 3227 113 25 présents.

1290 3253 66 20 Dans
1373 3253 33 19 les
1422 3253 88 20 mômes
1527 3258 46 18 cas,
1591 3258 91 15 aucune
1699 3250 77 23 résolu-

1265 3278 50 20 tion
1331 3283 30 15 ne
1377 3283 53 14 sera
1446 3278 88 20 admise
1549 3283 45 19 que
1610 3279 21 19 si
1648 3279 43 19 elle
1707 3277 78 21 réunit

1265 3303 33 20 les
1311 3303 58 19 trois
1382 3303 81 23 quarts
1476 3303 40 20 des
1529 3303 58 23 voix,
1600 3304 56 19 sauf
1667 3303 36 20 s'il
1716 3303 68 24 s'agit

1266 3328 28 19 de
1306 3328 92 19 statuer
1412 3332 41 15 sur
1465 3328 22 20 le
1501 3333 40 15 cas
1555 3327 73 25 prévu
1642 3327 16 21 à
1671 3329 24 18 la
1709 3328 75 24 partie

1265 3353 73 19 finale
1361 3353 28 19 de
1410 3353 97 19 l'article
1530 3353 124 20 cent-deux
1677 3353 41 20 des
1742 3353 43 19 lois

1266 3376 156 21 coordonnées
1442 3383 41 14 sur
1503 3378 33 20 les
1556 3377 99 21 sociétés
1674 3383 104 15 commer-

1266 3403 76 22 ciales,
1355 3403 84 23 auquel
1453 3408 40 15 cas
1506 3403 24 19 la
1542 3401 103 22 décision
1657 3408 54 15 sera
1723 3403 54 20 vala-

1266 3428 102 19 blement
1383 3428 61 23 prise
1460 3428 20 19 si
1496 3428 43 19 elle
1554 3428 36 20 est
1605 3427 66 20 votée
1686 3433 43 19 par
1745 3428 40 19 des

1266 3453 157 19 actionnaires
1437 3452 126 24 possédant
1576 3453 22 19 lé
1611 3454 71 23 quart
1695 3453 40 20 des
1749 3458 28 14 ac-

1266 3478 62 19 tions
1343 3476 159 25 représentées
1515 3476 16 21 à
1544 3477 150 21 l'assemblée.
1707 3483 12 14 »

1290 3502 51 20 Art.
1351 3502 32 20 28.
1393 3512 27 4 —
1429 3502 109 20 Modifier
1548 3507 89 15 comme
1648 3503 57 19 suit:
1718 3509 12 13 <
1741 3503 44 19 Les

1266 3526 118 21 bénéfices
1416 3527 58 22 nets,
1507 3526 142 21 défalcation
1669 3528 57 19 faite
1746 3528 40 20 des

1268 3552 99 24 charges
1398 3552 99 20 sociales
1527 3553 25 20 et
1582 3552 41 21 des
1654 3552 124 21 amortisse-

1266 3578 77 19 ments
1361 3576 67 25 jugés
1446 3576 149 24 nécessaires,
1613 3578 55 19 sont
1686 3577 100 25 répartis

1266 3607 91 15 comme
1369 3602 49 20 suit
1433 3607 5 15 :

1291 3627 24 21 1)
1329 3627 13 20 5
1354 3632 22 19 p.
1388 3632 19 15 c.
1420 3626 15 21 à
1446 3627 24 20 la
1482 3627 91 20 réserve
1585 3627 84 25 légale;

1291 3652 24 21 2)
1328 3652 13 20 5
1353 3657 22 19 p.
1388 3657 20 15 c.
1420 3657 31 15 au
1463 3653 86 19 conseil
1563 3653 220 23 d'administration;

1292 3676 23 21 3)
1335 3676 35 20 La
1387 3681 90 15 somme
1494 3676 131 21 nécessaire
1643 3683 60 18 pour
1721 3678 56 20 attri-

1265 3701 59 20 buer
1335 3706 47 15 aux
1395 3701 90 21 actions
1498 3707 32 15 un
1543 3703 121 19 dividende
1678 3703 27 19 de
1719 3703 25 19 50
1756 3703 29 19 fr.

1265 3731 44 19 par
1319 3727 85 19 action.

1291 3750 156 22 L'assemblée
1465 3750 108 26 générale
1606 3751 108 23 décidera
1732 3753 46 19 cha-

1266 3781 44 19 que
1322 3775 81 24 année,
1414 3781 42 15 sur
1466 3777 24 19 la
1500 3777 145 24 proposition
1656 3777 32 20 du
1699 3778 87 19 conseil

1266 3801 218 23 d'administration,
1497 3802 74 23 quelle
1582 3802 60 23 part,
1656 3803 43 19 etc.
1715 3802 62 21 (com-

1266 3830 37 16 me
1315 3825 191 24 l'ancien^article
1517 3826 40 21 des
1568 3826 108 22 statuts).
1687 3832 12 14 »

1291 3851 31 20 II.
1341 3850 153 21 Nomination
1515 3851 227 21 d'administrateurs
1762 3852 24 20 et

1265 3876 179 21 Commissaires.

1290 3901 44 19 III.
1346 3900 91 21 Divers.

1290 3925 65 20 Pour
1371 3925 50 21 être
1439 3925 76 21 admis
1533 3925 16 21 à
1566 3927 143 20 l'assemblée
1729 3927 56 20 MM.

1265 3950 34 20 les
1317 3950 157 20 actionnaires
1492 3951 54 20 sont
1562 3951 63 24 priés
1644 3952 28 19 de
1690 3956 25 15 se
1733 3957 44 14 con-

1263 3975 89 20 former
1365 3974 17 21 à
1395 3975 97 21 l'article
1506 3976 26 19 24
1547 3976 41 20 dea
1603 3976 94 20 statuts.
1714 3976 72 22 (4277)

1375 4000 33 21 Le
1425 4001 92 20 Conseil
1535 4002 223 20 d'Administration.

1265 4069 100 31 Société
1374 4070 138 32 Nationale
1523 4072 31 30 de
1565 4071 123 31 Chemins
1699 4073 31 30 de
1737 4073 51 31 Fer

1436 4128 32 23 en
1483 4121 131 31 Colombie

1376 4166 130 21 SOCIETE
1522 4168 155 20 ANONYME

1318 4192 32 23 15,
1365 4196 43 16 rue
1423 4193 29 20 de
1467 4193 80 24 Ligne,
1562 4194 33 23 15,
1609 4194 107 20 BruxeUe

1865 414 125 40 SOCIETE
2012 405 151 47 HMxrn
2184 413 99 38 BELGE

1829 467 59 37 DES
1922 461 186 41 SELECTIONS
2144 463 173 38 AGRICOLES

1861 512 141 24 (Anciennes
2022 510 106 22 Malsons
2150 510 136 24 Sciiepken*

1936 535 146 23 etJIBPSA.
2099 536 105 23 réunies)

1969 562 21 19 *
2005 555 79 39 JQ^tp
2085 562 78 20 IGXK
2173 559 6 8 '

1809 611 109 23 Registre
1930 608 32 20 du
1974 599 144 30 Com*®>r-è.
2131 607 104 21 Nivelle»
2246 608 28 19 ■•
2286 607 45 20 M..

1952 653 228 28 jOONTQCATIO-î

1834 681 126 21 Messieurs
1976 679 33 19 lès
2025 677 157 23 actionnaires
2198 679 54 20 sont
2267 677 64 26 priés

1810 708 120 20 d'assister
1946 704 178 25 à-l'asse^blée
2142 704 110 25 générale
2271 703 51 20 ordi-

1809 734 72 22 naire,
1902 732 39 24 qui
1961 734 25 16 se
2005 728 93 22 tiendra
2117 735 32 15 au
2167 729 64 24 siège
2251 729 80 22 social,

1810 759 21 19 le
1846 757 77 21 mardi
1937 756 13 19 7
1965 754 83 24 juillet:
2053 755 59 24 1931,
2127 755 15 20 à
2156 755 27 20 15
2199 755 91 19 heures.

1925 779 108 22 ORDRE
2051 779 45 24 DU
2115 780 81 20 JOUR
2206 785 5 14 :

1836 808 33 22 1")
1888 805 106 25 Rapport
2011 806 133 21 au-.conseil
2162 804 162 21 d'administra-

1811 834 51 19 tion
1884 834 24 19 et
1931 832 30 19 du
1981 828 86 25 collège
2090 831 40 20 des
2152 829 181 23 commissaires,

1810 864 42 14 sur
1867 856 118 22 l'exercice
2002 853 118 25 1930-J931.

1834 884 33 21 2°)
1884 879 160 27 Approbation
2059 877 31 23 dû
2105 881 64 19 bilan
2185 885 31 15 au
2230 880 26 19 30
2270 878 60 21 avril

1809 909 52 20 1931
1876 909 24 19 et
1915 908 30 18 du
1956 904 94 23 .compte
2064 903 29 23 de
2108 906 85 24 profits
2207 905 24 19 et
2246 905 84 23 pertes.

1836 934 33 21 3")
1887 931 121 22 Décharge
2024 928 15 21 à
2055 931 89 19 donner
2159 935 47 15 aux
2221 929 101 20 adminis-

1813 959 103 20 trateurs
1936 957 24 19 et
1978 955 178 21 commissaires.

1837 984 33 21 4°)
1891 979 223 25 Nomination'-jd'un
2131 980 200 20 administrateur.

1838 1009 33 21 5")
1890 1008 89 20 Divers.
2019 1016 50 9 ...

1835 1034 64 20 Pour
1916 1031 96 21 assister
2027 1028 56 31 l(.;._a
2092 1030 112 24 .réunion,
2221 1031 56 19 MM.
2295 1031 34 20 les

1810 1058 157 21 actionnaires
1991 1052 102 29 do'yent'
2108 1062 26 14 se
2157 1056 134 20 conformer
2314 1054 16 21 à

1809 1084 98 20 l'article
1918 1083 26 19 24
1958 1076 140 30 des.'statuts
2111 1082 24 19 et
2148 1081 108 24 peuvent,
2271 1081 58 19 dans

1810 1114 26 15 ce
1851 1109 48 22 but,
1915 1104 96 27 dépo-èr
2024 1105 63 21 lears
2101 1107 78 19 titres:

1835 1138 32 16 au
1882 1133 63 24 siège
1961 1130 97 23 social;»
2071 1138 6 7 -

1834 1158 18 21 à
1874 1159 23 20 la
1921 1154 138 24 BANQUE!:
2067 1155 261 24 NAGKLMACKŒRS,

1809 1183 16 21 à
1842 1180 191 23 BRUXELLES;
2049 1188 6 16 ;
2062 1184 18 17 -:;

1833 1208 17 21 à
1863 1209 23 19 la
1899 1205 125 24 BANQUE
2039 1199 165 34 (JENTRAIJÎ
2218 1206 43 20 DE
2276 1206 44 20 NA-

1811 1234 75 23 MUR,
1904 1232 16 21 à
1936 1230 123 22 NAMUR..

1834 1264 32 15 au
1899 1255 114 23 CREDIT
2039 1248 247 31 SlRLEMONTOIS,
2313 1255 15 21 à

1810 1281 188 23 TIRLEMONT.
2266 1281 64 22 (4274

1829 1362 98 39 Société
1948 1361 175 45 d'Entreprises
2143 1361 31 38 de
2194 1361 114 38 Travaux

1934 1424 27 24 en
1974 1414 67 32 Béion
2054 1422 27 26 au
2096 1416 98 31 Ksistra

2027 1447 10 15 'i
2052 1448 8 4 '
2168 1445 10 8 J

1837 1465 91 22 Société
1946 1463 134 25 congolaise,
2092 1464 16 21 à
2125 1463 180 26 responsabilité

2021 1488 93 23 Iiniltée.

1882 1516 67 24 Siège
1974 1514 80 21 social!
2080 1515 177 20 Elisabethville

1977 1539 88 24 (Congo
2080 1540 82 25 Belge)

1811 1567 67 24 Siège
1893 1565 177 22 administratif:
2085 1566 33 23 43,
2133 1570 42 15 rue
2191 1565 27 20 de
2231 1564 99 21 Namur,

2006 1590 125 21 Bruxelles.

1825 1617 109 25 Registre
1952 1617 30 20 du
1999 1615 133 21 Commerce
2151 1616 27 20 de
2196 1615 121 20 Bruxelles

2018 1641 26 18 n°
2057 1640 59 21 2.839

1832 1703 38 19 En
1885 1702 120 21 exécution
2019 1700 27 20 de
2061 1700 59 22 l'art.
2134 1701 26 20 30
2175 1701 40 20 des
2230 1699 95 23 statuts,

1809 1728 56 20 MM.
1878 1728 35 20 les
1925 1726 155 22 actionnaires
2092 1727 55 20 sont
2160 1725 62 26 priés
2237 1725 82 20 d'assis-

1808 1754 37 20 ter
1856 1752 16 21 à
1883 1750 141 23 l'assemblée
2033 1750 111 25 .générale
2157 1751 117 20 ordinaire
2287 1750 40 25 qui

1809 1784 26 15 se
1851 1779 93 20 tiendra
1958 1778 20 19 le
1993 1777 112 20 mercredi
2121 1777 13 20 8
2149 1777 76 24 juillet
2240 1776 59 21 1931.
2313 1774 16 21 à

1807 1804 14 20 3
1838 1804 92 23 heures,
1948 1808 28 15 en
1993 1800 78 23 l'hôtel
2088 1802 27 20 de
2132 1803 25 19 la
2175 1800 91 22 Société
2283 1800 35 21 Gé-

1809 1828 79 21 nérale
1907 1829 27 20 de
1953 1826 115 25 Belgique,
2086 1827 32 24 33,
2138 1832 41 15 rue
2197 1827 96 24 Royale,
2312 1824 16 21 à

1809 1855 126 19 Bruxelles.

1935 1877 107 22 ORDRE
2057 1877 43 21 DU
2116 1878 89 20 JOUR:

1837 1905 19 19 1.
1873 1904 117 25 Rapports
2009 1902 31 20 du
2055 1903 87 20 conseil
2159 1902 162 20 d'administra-

1810 1930 49 20 tion
1877 1930 23 19 et
1916 1930 31 19 du
1962 1927 96 24 collège'»
2062 1928 41 20 des
2119 1928 182 22 commi.-îsalres;

1834 1956 19 20 2.
1869 1955 69 20 Bilan
1954 1954 23 20 et
1990 1954 91 23 compte
2096 1954 28 19 de
2138 1954 85 23 profits
2239 1953 24 20 et
2277 1957 43 21 per-

1809 1981 35 20 tes
1860 1985 32 15 au
1906 1980 26 19 31
1948 1978 118 21 décembre
2081 1979 59 20 1930.

1835 2006 19 19 3.
1874 2004 120 24 Décharge
2013 2003 16 20 à
2046 1999 28 29 <j°
2075 2009 46 14 nne
2122 2009 12 15 *-*
2152 2009 22 15 f*
2173 2009 9 14 1
2183 2009 16 14 *-
2218 2002 101 21 adminis-

1809 2031 104 20 trateurs
1930 2031 24 19 et
1970 2026 176 23 conimlssaires.

1834 2057 19 19 4.
1871 2056 118 20 Elections
2005 2054 143 20 statutaires.

1834 2082 64 19 Pour
1913 2081 96 20 a£sister
2025 2078 93 21 à'cette
2134 2078 192 24 assemblée.MM.

1810 2107 34 19 les
1862 2106 155 20 actionnaires
2036 2104 98 21 devront
2150 2110 26 15 se
2195 2105 134 19 conformer

1810 2136 47 16 aux
1867 2130 165 26 prescriptions
2045 2130 27 20 de
2084 2130 97 20 l'article
2192 2130 26 19 32
2230 2130 40 20 des
2282 2130 38 19 sta-

1810 2158 56 19 tuts.
1882 2157 33 20 Ils
1931 2155 117 25 pourront,
2063 2154 22 21 à.
2094 2156 39 19 cet
2149 2155 65 22 effet,
2231 2154 98 24 déposer

1810 2183 62 19 leurs
1885 2182 68 19 titres
1965 2180 106 24 jusqu'au
2083 2181 13 19 2
2110 2181 76 23 juillet
2201 2179 128 23 Inclus.soit

1808 2207 16 20 à
1842 2208 23 19 la
1884 2206 90 21 Société
1992 2204 112 22 Générale
2124 2206 27 20 de
2170 2205 118 24 Belgique,
2307 2204 20 23 3,

1809 2232 127 25 Montagne
1952 2232 31 19 du
1996 2231 67 23 Parc,
2078 2229 16 22 à
2108 2231 127 22 Bruxelles,
2250 2230 47 20 soit
2312 2229 16 20 à

1810 2258 24 19 la
1847 2258 133 19 succursale
1993 2256 27 19 de
2033 2256 23 19 la
2068 2254 90 22 Société
2172 2255 113 21 Générale
2300 2255 28 20 de

1809 2283 112 24 Belgique
1937 2292 27 4 —
1980 2280 111 21 ancienne
2109 2282 97 23 Banque
2224 2280 95 20 d'Outre-

1809 2313 52 14 mer
1874 2318 27 4 —
1913 2308 32 22 48,
1960 2312 40 15 rue
2016 2306 36 19 de'
2056 2305 99 24 Namur,
2170 2305 16 20 à
2200 2306 127 20 Bruxelles.

1811 2333 72 22 (4281)
1944 2333 31 19 Le
1993 2331 92 21 Conseil
2102 2331 228 21 à^Adniinlstration^

1961 2443 100 31 mm

1808 2593 140 25 ^CIREUSE,
1964 2593 35 23 27,
2013 2596 39 18 rue
2050 2596 6 9 1

1808 2621 27 20 de
1854 2620 93 22 Loxum,
1968 2617 86 22 Bruxeî.

1808 2645 73 19 Perm.
1897 2645 29 19 d2
1940 2644 113 21 conduire.

1809 2669 70 21 E.uie
1898 2674 49 16 coin
1951 2671 33 24 pic
1988 2671 20 18 Le
2026 2669 27 23 tlv

1809 2695 76 23 l'auto.
1914 2690 131 31 Dépirinage

1809 2720 66 21 Facll.
1892 2720 27 20 de
1938 2719 115 26 paiomont.

1808 2745 30 20 Itti
1846 2745 57 21 *uct.
1919 2745 36 21 ch.
1970 2745 26 20 do
2013 2745 39 19 for.

1808 2770 80 26 Progr.
1905 2771 21 20 et
1944 2770 101 22 renselgh

1808 2796 57 23 grat.
1880 2795 47 21 Tél.
1944 2793 110 23 ll.ld.5T;

1808 2936 115 24 Capitaux
1939 2935 16 20 à
1973 2936 86 23 phiceh

1806 2961 169 24 Hypothèques
2003 2962 59 19 tous.

1808 2991 78 19 rang3.
1917 2985 68 23 Prêts
2017 2990 40 18 sur

1810 3011 75 20 titres.
1921 3010 132 24 Escompte.
2057 3024 5 3 -

1808 3036 110 22 Laurens,
1948 3035 45 23 132,
2022 3034 35 24 B(l

1809 3061 75 20 Emile
1926 3061 131 22 Bockstael,

1809 3087 69 19 Brux.
1896 3085 47 21 Tél.
1961 3085 96 20 2G.59.66.

1997 3110 59 21 (836)

1856 3155 148 28 PRÊTS

1811 3194 128 19 Nombreux
1956 3193 104 23 capitaux

1812 3219 13 19 à
1847 3218 76 26 placer
1944 3218 12 20 6
1981 3218 66 22 1/2%

1813 3244 202 21 Remboursement
2048 3248 13 16 a

1812 3269 98 20 volonté.
1927 3269 126 20 D.scn'linn

1813 3293 109 26 Rapidité.
1947 3293 107 21 Ecr.ttoît*

1813 3319 91 20 Postale
1922 3318 35 23 19.
1973 3323 40 16 rue
2032 3319 28 20 du

1813 3344 119 23 -_.omb-.rci,
1956 3344 67 20 Brux.
2043 3352 4 3 *

1989 3368 71 22 (276S

1877 3421 119 37 PRETS

1810 3470 107 26 Capitaux
1943 3477 12 14 a
1980 3472 78 25 placer.

1812 3497 36 22 1".
1862 3498 26 20 2d
1902 3501 62 21 rang.
1978 3497 73 21 Ouver-

1811 3522 50 24 ture
1882 3522 27 21 <1e
1930 3522 69 21 crérlil
2021 3526 38 17 sur

1809 3547 138 23 immeubles,
1976 3547 12 21 6
2010 3546 39 21 (VU

1810 3572 130 20 Discrétion.
1972 3572 85 24 Rapidl-

1818 3599 18 18 é.
1857 3598 46 21 F2cr.
1923 3597 62 22 Boite
2004 3598 43 20 Pos-

1812 3622 43 21 tale
1867 3623 30 22 49,
1906 3623 73 20 Mons.
1993 3622 31 21 On
2037 3628 22 15 sr

1812 3648 53 21 ren.1
1882 3648 13 20 à
1912 3647 79 22 domic.
2008 3652 50 15 »an»

1811 3672 63 22 frais.
1998 3672 57 22 267»;

1834 3814 61 20 Bons
1912 3815 143 21 voyageurs»

1811 3844 101 20 nommes
1931 3845 29 16 ou
1979 3842 76 19 d'ime»

1811 3868 50 19 sont
1876 3866 110 20 cherchés
2002 3870 57 20 pour

1811 3891 20 20 la
1850 3893 68 19 vente
1939 3890 27 21 d'e
1987 3891 72 21 tis.»--

1810 3918 23 19 et
1872 3916 119 21 fourrures
2001 3927 5 4 -
2024 3919 32 15 -au

1811 3943 116 23 comptant
1943 3945 28 16 ou
1987 3940 12 20 k
2016 3940 38 20 Pa-

1809 3966 106 21 bonnem.
1927 3970 44 15 aux
1987 3965 57 25 parti-

1809 3991 92 21 culiers.
1915 3990 71 21 S'uir.
2001 3990 56 20 Mal-

1807 4020 41 16 son
1861 4015 102 22 Neuville
1976 4014 80 21 frère».

1818 4040 89 21 Boussu
1917 4050 10 5 -
1938 4040 33 20 lez
1981 4049 9 5 -
1991 4039 63 19 Wal-

1810 4066 73 19 cnurt.

1194 5722 5 5 -
1221 5715 4 4 '

1358 4246 70 20 AVIS
1445 4247 64 20 AUX
1525 4247 165 21 PORTEURS

1405 4271 235 22 D'OBLIGATIONS

1288 4303 32 21 Le
1338 4303 92 22 Conseil
1451 4305 213 21 d'administration
1682 4307 101 20 Informe

1263 4328 33 20 les
1315 4329 151 25 obligataires
1484 4335 45 19 que
1548 4332 20 19 le
1587 4336 91 20 coupon
1696 4334 88 19 venarit

1262 4353 16 20 à
1290 4353 115 22 échéance
1417 4355 22 20 le
1450 4355 26 20 30
1487 4356 51 24 juin
1550 4357 58 23 1931,
1620 4362 54 15 sera
1685 4359 98 23 payable

1262 4384 47 15 aux
1330 4381 107 23 guichets
1460 4381 40 20 des
1522 4382 105 25 banques
1649 4383 133 25 ci-dessous,

1263 4410 44 18 par
1320 4406 59 23 55,50
1393 4406 30 20 fr.
1437 4406 76 21 moins
1527 4407 27 20 15
1567 4407 40 22 0/0
1622 4408 101 25 d'Impôt,
1738 4410 46 20 soit

1262 4431 41 20 net
1317 4432 30 19 fr.
1360 4431 66 22 47,20.

1288 4457 44 20 Les
1350 4457 141 24 obligations
1508 4459 84 21 sorties
1609 4464 32 16 au
1658 4460 76 24 tirage
1752 4467 31 15 au

1263 4482 50 20 sort
1327 4482 32 20 du
1373 4482 13 20 6
1400 4483 94 21 octobre
1507 4484 52 21 1930
1573 4486 80 19 seront
1667 4486 109 21 rembour-

1263 4507 83 23 sables,
1362 4506 16 21 à
1393 4508 77 24 partir
1486 4509 28 21 de
1530 4510 25 20 la
1570 4509 77 22 même
1663 4511 61 24 date,
1741 4517 43 19 par

1262 4532 71 22 624,60
1350 4533 30 20 fr.
1397 4533 77 24 mpins
1491 4534 27 20 15
1534 4535 39 22 0/0
1591 4533 96 27 d'impôt
1702 4541 42 16 sur
1761 4538 22 20 le

1262 4558 94 24 surplus
1374 4559 31 20 du
1420 4559 59 24 pair,
1494 4560 47 20 soit
1556 4561 72 23 605,90
1643 4562 30 20 fr.

1262 4583 97 25 Banque
1371 4583 253 24 NAGELMACKERS
1637 4587 50 21 Fils
1701 4589 24 19 et
1737 4589 46 23 Cie,

1287 4609 32 23 12,
1335 4609 67 25 place
1419 4610 28 20 de
1464 4610 111 24 Louvain,
1592 4611 17 22 à
1624 4613 130 25 Bruxelles;

1261 4633 22 21 3.
1300 4635 28 20 A.
1347 4634 116 22 CREDIT
1481 4636 181 25 ANVERSOIS,
1679 4638 32 24 30,
1730 4645 44 15 ave-

1287 4664 47 16 nue
1350 4661 41 20 des
1406 4660 63 23 Arts,
1485 4661 17 21 à
1517 4662 129 25 Bruxelles;

1261 4684 22 21 S.
1303 4685 28 21 A.
1352 4685 128 25 BANQUE
1499 4688 92 20 JOSSE
1611 4690 130 24 ALLARD,
1763 4692 20 22 8,

1286 4716 42 15 rue
1345 4711 121 23 Guimard.
1483 4711 16 21 à
1517 4714 127 22 Bruxelles.
1720 4717 62 20 (4282

1275 4779 87 30 d'yeux
1377 4787 61 23 pour
1453 4781 114 29 regarder
1583 4790 27 17 ce
1625 4784 40 29 qui
1681 4792 26 16 se
1721 4792 75 22 passe.

1307 4811 35 25 La
1358 4811 80 30 petite,
1455 4811 16 25 à
1488 4820 43 17 son
1548 4814 56 28 aise,
1621 4815 92 24 admira
1731 4817 55 24 Mar-

1271 4843 60 24 celle
1346 4843 20 24 si
1382 4843 80 24 droite
1476 4851 32 17 au
1524 4845 82 29 piano,
1620 4846 62 29 Jean
1698 4847 97 27 Mesnal

1273 4881 49 18 aux
1336 4877 80 26 gestes
1431 4874 61 25 lents
1509 4876 39 31 y,\
1566 4876 125 30 s'activait,
1706 4880 90 28 penché

1271 4913 42 17 sur
1323 4912 44 18 son
1378 4905 146 30 violoncelle,
1536 4908 35 24 les
1582 4916 64 22 yeux
1657 4909 85 25 dardés
1754 4919 40 17 sur

1273 4937 22 24 le
1313 4937 82 24 cahier
1413 4937 28 24 de
1459 4938 114 30 musique,
1592 4940 23 23 la
1632 4941 73 24 barbe
1723 4946 61 21 trem-

1270 4968 86 24 blante.

1303 5000 33 25 Le
1350 5001 53 29 plus
1416 5001 60 25 beau
1491 5001 41 24 des
1547 5002 59 25 trois
1621 5003 58 25 était
1694 5004 98 26 Olivier.

1271 5031 58 25 Cela
1340 5031 33 24 lui
1385 5032 76 29 seyait
1472 5036 52 21 tant
1535 5033 28 24 de
1574 5033 71 30 jouer
1656 5035 31 24 du
1698 5036 81 25 violon
1786 5038 6 24 !

1270 5063 20 24 Il
1311 5063 111 25 devenait
1443 5064 65 24 alors
1527 5069 52 20 tout
1600 5066 76 24 entier
1698 5067 83 26 frémis-

1270 5098 61 25 sant,
1350 5098 30 25 et,
1397 5102 44 23 par
1459 5096 109 31 instants,
1586 5097 17 23 il
1620 5099 106 24 secouait
1743 5100 49 25 vite

1267 5126 24 24 la
1304 5126 55 28 tête,
1373 5126 55 24 d'un
1441 5131 67 26 geste
1520 5135 108 18 nerveux
1642 5130 39 29 qui
1696 5130 95 30 rejetait

1269 5165 29 17 en
1317 5158 92 24 arrière
1428 5166 46 17 une
1494 5159 82 25 mèche
1595 5162 147 24 retombante
1762 5163 29 24 de

1267 5197 38 16 ses
1319 5190 79 23 beaux
1413 5189 107 26 cheveux
1534 5191 108 25 couchés.

1299 5220 88 31 Quand
1406 5221 29 24 ils
1453 5221 119 26 cessèrent
1591 5223 198 31 définitivement,

1267 5252 34 24 les
1313 5252 155 25 instruments
1482 5258 73 25 ayant
1568 5254 37 25 été
1618 5255 69 29 posés
1698 5256 23 24 le
1733 5257 58 30 long

1266 5283 41 25 des
1324 5284 113 30 pupitres,
1452 5284 123 29 Marcelle,
1591 5286 70 29 après
1677 5288 112 30 quelques

1266 5316 94 28 paroles
1378 5315 132 30 échangées
1527 5316 15 25 à
1560 5317 77 26 droite
1656 5323 25 20 et
1698 5318 15 25 à
1730 5327 48 22 gau-

1266 5347 50 29 che,
1334 5351 112 21 retrouva
1464 5355 43 17 son
1525 5348 92 25 sourire
1635 5350 103 25 railleur.

1296 5391 32 6 —
1349 5378 39 26 Eh
1409 5379 68 25 bien!
1501 5379 142 27 Alfreda?...
1666 5380 122 31 Qu'est-ce

1265 5416 46 23 que
1327 5418 60 17 vous
1404 5418 29 17 en
1449 5409 99 26 dites?...

1295 5441 74 25 Alor6
1383 5443 129 24 seulement
1525 5449 31 18 on
1570 5443 36 24 vit
1619 5451 45 22 que
1678 5446 23 23 la
1714 5447 72 28 petite

1262 5472 65 24 avait
1344 5473 92 29 pleuré.

1296 5515 31 7 —
1345 5503 52 26 Elle
1415 5504 63 25 aime
1494 5505 25 24 la
1537 5506 122 32 musique!
1678 5513 108 22 constata

1264 5534 66 25 Mme
1350 5535 84 30 Antin,
1455 5536 105 25 touchée.

1294 5578 32 6 —
1343 5566 66 25 C'est
1428 5567 49 24 très
1497 5568 62 29 bien,
1578 5570 64 29 ça!...
1664 5571 34 25 dit
1718 5572 56 25 Mar-

1263 5597 60 25 celle
1339 5597 59 26 d'un
1414 5598 37 25 air
1465 5599 32 25 de
1513 5601 215 28 condescendante
1744 5611 30 18 su-

1262 5628 121 30 périorité.
1793 5632 3 18 1

1834 4101 99 24 Tissage
1955 4100 99 20 cherche

1809 4126 163 24 représentant
1995 4125 60 20 actif

1810 4152 18 19 ît
1839 4152 53 20 bien
1904 4150 113 22 introduit
2028 4155 29 15 en

1808 4175 116 26 Belgique*
1950 4176 3 7 :
1959 4175 99 26 visitant

1808 4202 151 24 uniquement
1981 4199 66 21 Socié-

1808 4226 36 21 tés
1874 4226 130 21 Coloniales
2034 4226 24 19 et

1808 4253 103 19 maisons
1957 4252 92 22 d'expor-

1807 4277 82 20 tation.
1907 4276 120 25 Réponses
2049 4280 6 15 :

1808 4302 31 20 M.
1861 4302 86 23 Siraut,
1969 4302 37 19 Bd
2029 4302 27 18 de

1807 4327 112 24 Château,
1935 4327 32 24 10,
1983 4326 73 20 Gand.

1982 4351 72 21 (3015)

1862 4398 141 21 Technicien
2037 4399 6 4 '

1807 4423 147 25 Importante
1967 4422 90 21 Société

1808 4448 97 21 Gazière
1918 4449 141 22 cherche-pr

1805 4474 24 19 la
1839 4474 71 20 vente
1920 4473 138 24 d'appareils

1809 4498 144 24 industriel*
2013 4498 42 19 des

1808 4524 84 23 agents
1910 4523 73 24 ayant
2012 4518 46 25 fait

1808 4546 81 22 études
1922 4547 136 24 techniques

1807 4572 116 22 sérieuses
1943 4574 24 19 et
1985 4573 73 24 ayant

1809 4598 88 24 occupé
1940 4598 113 20 situàtîbn

1807 4622 59 21 dans
1882 4623 127 20 industries
2025 4623 23 19 di-

1807 4652 86 16 verses.
1914 4648 57 20 Fixe
2004 4648 53 23 plus

1808 4673 156 22 commission.
2002 4673 55 19 Ecr.

1807 4697 51 21 bur.
1877 4698 94 24 journal
2002 4702 55 15 sous

1808 4722 26 19 O.
1849 4722 29 20 X.
1893 4723 46 20 133.
1983 4722 71 22 (3066)

1979 4764 9 6 -
1996 4763 12 5 .
2008 4756 5 7 .
2012 4756 12 12 .J
2025 4756 3 12 !
2029 4757 35 12 -..-.

2078 2410 70 48 7.Û.
2164 2410 77 53 3,8.0
2251 2411 80 47 ta

2079 2467 11 15 &
2104 2469 68 17 gagne.,
2186 2470 29 15 par
2231 2470 48 14 moi-*,
2292 2465 40 17 cb»

2080 2486 30 18 ioi.
2124 2485 78 21 présenté
2215 2490 30 15 par
2260 2487 14 16 la
2289 2486 43 17 leult

2081 2507 76 19 'abriqut
2172 2507 46 19 belge
2234 2509 20 16 ie
2271 2507 61 17 ma<hy

2079 2532 28 13 net
2128 2528 10 17 à
2159 2528 74 18 tricoter,
2254 2532 41 13 avec
2314 2532 18 14 u

2079 2549 77 17 machine
2177 2548 11 18 à
2208 2548 68 18 tricot«
2297 2548 32 18 brfr

2078 2570 47 17 vnièt
2143 2575 11 12 «
2164 2569 105 18 RAPIDE»
2285 2574 40 13 mon-

2078 2591 27 17 tée
2117 2595 42 14 avec
2173 2591 77 17 vanismi
2265 2590 66 18 breveté

2078 2616 42 16 pour
2135 2611 61 18 travail
2214 2612 25 17 fin
2255 2614 17 15 et
2288 2615 38 16 gren

2080 2631 82 21 I-flcquan}
2176 2637 41 15 pour
2232 2634 57 16 mules
2295 2631 34 18 (an*

2078 2654 63 17 taisies.
2164 2652 83 19 Drmand.
2269 2652 60 18 catalo

2078 2679 36 13 aur-
2123 2677 16 14 el
2154 2673 44 19 rens'
2210 2677 42 17 Riat.
2264 2673 62 18 Travaî
2327 2674 4 11 1

2079 2695 56 21 attiré
2156 2700 29 15 par
2205 2697 73 16 contrat.
2299 2695 29 20 Ap

2079 2716 70 18 Drentfe.
2175 2717 33 16 hon
2226 2719 17 13 et
2262 2718 63 17 grattât

2161 2738 68 19 Soiiél
2234 2738 11 18 è

2116 2775 4 4 .
2130 2769 11 12 m
2156 2761 98 21 RAPIDE
2268 2767 11 15 1

2073 2788 112 25 '-..-SO-r-Oa,
2204 2788 32 20 15.;
2257 2786 73 22 Astrid

2077 2818 249 25 Gand(Sfiint-PIerre);

2082 2856 42 16 rue
2140 2852 29 19 de
2186 2851 106 20 Brabant

2082 2877 45 22 IM,
2143 2878 70 19 Brux.
2217 2877 85 22 (Nord)

2078 2909 41 16 rue
2127 2903 46 20 Van
2184 2902 139 21 H.trrlant.lS

2079 2928 92 22 A-iy-ers,
2185 2933 41 15 rur
2238 2928 39 20 des
2291 2928 39 20 Ge.

2074 2953 164 29 -^..Ili'tU-s.,.^.
2261 2953 66 19 fm.r-

2081 2979 50 24 Lcai,
2145 2985 17 15 r.
2177 2980 26 21 de
2218 2979 113 25 l'Abbaye,

2080 3004 29 22 57,
2131 3004 90 21 Xoinur.
2270 3004 49 20 lo-A
2315 3003 6 12 4
2324 3017 3 4 .

2143 3036 25 26 ^

2108 3059 25 20 Si
2162 3063 59 16 vous
2251 3059 81 20 voulez

2083 3088 32 14 un
2136 3084 85 19 travail
2243 3084 89 23 simple,

2084 3109 96 19 lucratif
2206 3109 24 20 et
2256 3109 77 23 facile,

2084 3134 107 19 adresse.,
2211 3134 66 19 votre
2296 3134 28 19 de-

2083 3159 83 19 mande
2177 3163 60 19 pour
2248 3159 75 19 rensei-

2084 3183 123 24 gnements
2220 3184 24 19 et
2256 3184 67 19 condi-

2086 3209 62 19 tions
2172 3207 16 21 à
2211 3209 32 19 M.
2272 3209 60 19 Jean

2085 3234 139 22 Permanne,
2238 3232 96 21 licencié

2088 3263 28 15 en
2141 3259 103 19 sciences
2270 3263 52 14 com-

2085 3283 121 20 merciales
2228 3283 25 20 et
2274 3283 51 20 colo-

2084 3309 73 19 niales
2167 3307 16 21 à
2193 3308 54 20 Ath,
2261 3308 65 20 (Join-

2084 3334 40 19 dre
2135 3334 85 19 timbre
2230 3338 60 19 pour
2300 3332 25 20 ré-

2086 3359 91 24 ponse).
2259 3357 73 23 (2981)

2083 3413 83 20 Plants
2183 3417 106 20 pommes
2305 3411 29 21 de

2084 3438 62 20 terre
2181 3438 24 20 et
2240 3437 94 25 graines

2084 3467 126 16 semences.
2269 3463 64 19 Bons

2083 3489 84 23 agents
2201 3486 133 22 demandés.

2081 3513 99 20 S'adres.
2213 3513 120 21 Meirlaen,

2083 3539 35 19 ch.
2131 3539 27 19 de
2169 3538 115 22 Courtrai,
2295 3538 39 19 366

2083 3563 75 20 Gand.
2259 3563 72 21 (1509)

2104 3617 78 24 Agent
2196 3616 37 20 de.
2241 3616 71 20 vents

2083 3642 146 23 Importante
2245 3640 90 21 Société

2083 3666 96 21 Gazière
2193 3667 99 19 cherche
2305 3671 30 19 pr

2080 3692 23 19 la
2114 3692 70 20 vente
2195 3692 139 23 d'appareils

2081 3716 16 20 à
2112 3722 49 19 gaz,
2177 3717 104 19 vendeur
2296 3722 28 14 ca-

2082 3742 68 24 pable
2165 3742 25 20 et
2205 3740 130 26 spécialisé,

2082 3767 53 20 bien
2154 3767 179 20 Introduit.Fixe

2083 3792 53 23 plus
2180 3792 151 20 commission

2081 3822 41 14 3ur
2132 3817 76 20 vente.
2219 3817 54 20 Ecr.
2282 3817 51 20 bur.

2082 3842 76 22 journ.
2180 3846 56 16 sous
2259 3842 24 20 C.
2307 3842 25 20 C.

2081 3866 46 20 133.
2258 3867 72 21 (3065)

2083 3920 37 20 On
2139 3920 116 21 demande
2274 3926 60 19 pour

2081 3950 65 19 prov.
2167 3945 31 21 de
2219 3947 113 23 Brabant,

2080 3976 33 14 un
2126 3971 80 25 représ
2206 3973 73 19 entan
2279 3973 11 19 t
2297 3972 38 25 fté-

2081 3996 66 20 néral
2153 3997 48 25 p.la
2206 3998 65 19 THE
2277 3999 56 19 MO-

2079 4023 120 20 TORINE
2211 4023 124 22 GREASE

2082 4048 90 24 graisse
2201 4049 130 21 adhérente

2082 4079 22 18 p.
2119 4079 77 16 courr.
2213 4075 28 20 de
2258 4076 67 20 trans-

2082 4100 104 21 mission.
2199 4101 77 21 Donn.
2291 4101 43 21 réf.

2083 4125 24 20 Si
2120 4131 43 18 pas
2176 4126 84 21 introd.
2275 4128 59 20 dans

2082 4151 24 19 la
2118 4152 77 23 partie
2209 4153 24 20 et
2246 4153 29 20 tr.
2289 4153 45 21 sér.

2081 4177 130 21 s'abstenir.
2228 4178 50 20 The
2285 4180 44 19 Ma-

2082 4202 51 20 rine
2155 4203 89 21 Grease
2264 4204 61 20 Com-

2079 4232 67 19 pany,
2157 4229 178 21 ROCLENGE-

2083 4253 122 22 S/GEER.
2266 4256 62 21 (5720

2117 4313 181 26 DEMANDES

2125 4348 155 27 D'EMPLOI

2097 4404 60 23 Chef
2173 4407 147 26 typographe

2081 4430 26 20 15
2126 4437 44 14 ans
2201 4434 61 23 prat.
2293 4434 39 20 lre

2082 4457 91 20 maison
2206 4458 31 20 du
2268 4464 65 19 pays,

2082 4481 59 20 dem.
2160 4483 73 23 place.
2251 4484 54 20 Ecr.
2326 4489 6 14 :

2081 4505 22 21 J.
2124 4506 26 21 L.
2171 4507 36 23 N.,
2228 4508 50 20 bur.
2300 4509 33 23 Jn.

2243 4534 86 21 (113P8)

2089 4576 170 26 Ex-adjudant,
2282 4577 48 21 très

2081 4600 87 21 bonnes
2192 4602 139 24 références,

2082 4626 76 20 bonne
2181 4627 149 24 instruction,

2079 4650 14 19 2
2110 4652 104 24 langues,
2231 4653 100 20 cherche

2080 4675 66 24 place
2161 4677 28 20 de
2201 4678 130 20 confiance.

2080 4700 131 22 S'adresser
2232 4703 45 20 bur
2297 4703 33 24 jn,

2080 4727 26 17 n"
2121 4726 58 21 3C62.

3002 427 114 38 gfaig&A

2682 596 97 29 vou/
2793 585 54 38 le/
2863 584 180 39 trouvère
3047 591 20 27 i

2772 631 88 33 tou/
2879 635 107 28 avec

2693 682 185 41 20à40
2900 679 158 43 MOIS

2697 738 91 44 DE
2827 727 246 54 CRÉDIT

2694 802 109 26 sans
2838 792 203 42 acompte

2694 840 40 30 et
2760 836 133 33 moins
2928 843 127 25 cners

2696 885 67 34 que
2778 877 147 43 partout
2939 873 138 35 ailleurs

2694 946 219 75 L-lOILE
2932 946 151 73 BIEUE

2807 1245 25 24 v
2819 1231 44 40 r
2876 1226 46 40 •#

2356 1298 346 16 .-v^JW.•■vv■_v^^v-_%^w-■
2701 1298 7 9 ,
2706 1298 126 15 -^rtfl-■.J■_v

2373 1341 88 21 Compl.
2485 1343 122 15 commero.

2357 1364 106 23 diplômé,
2481 1363 37 21 lre
2535 1363 72 24 force,

2359 1387 68 23 malll.
2449 1388 71 21 référ.
2542 1387 66 21 Libre

2358 1419 45 20 q.q.
2417 1414 84 20 heures
2517 1417 40 21 par
2571 1417 37 16 se-

2358 1440 81 22 maine,
2454 1438 36 21 ch.
2506 1439 89 24 compta-

2356 1463 71 24 bilité,
2443 1464 56 19 mise
2517 1478 12 5 »
2545 1463 61 25 juiir,

2359 1492 87 22 organ.,
2465 1488 69 21 bilan,
2547 1487 61 21 -prix

2356 1518 60 15 mo».
2429 1513 50 20 Ecr.
2490 1513 116 20 J.B.X.3..

2359 1538 54 21 Bur.
2434 1537 78 24 journ.
2536 1537 72 22 (2733

2357 1948 79 28 \VAN2

2378 1603 171 35 DESSINATEUR

2417 1646 177 35 PUBLICITAIRE

2380 1691 101 21 cherche
2503 1688 88 21 travail

2412 1717 16 20 à
2446 1715 115 21 domicile.

2381 1742 98 22 Exécut.
2499 1746 49 19 rap.
2568 1740 25 21 et

2381 1770 97 23 impecc.
2495 1768 28 19 do
2538 1767 54 20 tous

2377 1796 31 19 tr.
2422 1793 167 26 publicitaires.

2382 1821 54 19 Ecr.
2450 1819 16 20 à
2478 1819 31 21 M.
2522 1818 70 22 Wolf,
2600 1815 10 17 '

2381 1846 20 24 1,
2424 1851 19 15 r.
2465 1845 88 20 l'Usine
2575 1843 16 20 à

2381 1873 55 21 Gaz,
2455 1870 84 20 Forest
2540 1885 5 5 .

2504 1894 101 34 °(__-0_)

2364 1954 129 22 ..'ANTED
2525 1953 85 23 Young

2358 1981 57 19 Man
2425 1979 48 20 and
2484 1979 62 20 Wife
2558 1977 51 21 wit-

2357 2006 59 19 hout
2427 2004 112 23 children,
2550 2002 59 21 with

2357 2030 118 21 furniture
2493 2029 39 20 for
2561 2029 47 19 two

2357 2060 79 16 rooms
2455 2059 28 15 as
2502 2053 98 21 Concier-

2357 2086 35 19 ge,
2406 2079 141 21 Caretakers
2561 2077 47 21 and

2357 2105 95 25 gênerai
2471 2102 139 22 work.Must

2357 2130 74 25 speak
2446 2129 100 24 English
2560 2128 49 20 and

2357 2156 29 20 be
2403 2155 52 20 able
2472 2155 25 19 to
2514 2153 95 20 furnish

2357 2181 52 19 best
2429 2180 132 20 références
2581 2183 27 14 as

2357 2206 24 20 to
2396 2204 107 24 honesty,
2519 2203 89 24 ability,

2356 2231 43 20 etc.
2410 2230 104 20 Address
2526 2229 81 25 giving

2357 2256 44 19 full
2421 2254 142 25 particulars
2583 2253 25 20 C.

2356 2280 35 21 W.
2402 2280 33 23 13,
2445 2280 94 24 Agence
2550 2279 49 19 Ros-

2357 2306 41 20 sel.
2532 2303 73 22 (2422)

2355 2448 33 19 I»o
2401 2446 78 21 Décor
2493 2444 114 26 Japonais

2356 2472 111 20 Meubles.
2484 2470 123 21 Intérieur.

2356 2498 45 23 111,
2415 2502 42 15 rue
2471 2496 27 20 de
2512 2497 23 19 la
2549 2496 49 20 Con-

2355 2523 108 20 solation.
2518 2521 86 22 (11394)

2368 2569 76 20 Cause
2465 2567 91 25 départ,
2577 2566 17 21 à

2354 2594 87 20 vendre
2477 2592 129 21 immédiat.

2379 2620 82 19 Beaux
2474 2617 105 22 meubles

2358 2645 85 22 (salon,
2466 2644 96 22 bureau,
2584 2648 20 15 s.

2355 2669 15 20 à
2382 2675 38 18 m.,
2433 2670 37 19 ch.
2481 2668 16 21 à
2509 2674 27 18 c,
2549 2667 54 23 etc.)

2353 2695 32 23 60,
2400 2700 18 15 r.
2434 2693 91 22 Gérard
2542 2694 64 21 (Cln-

2353 2719 130 25 quanten.).
2516 2718 86 23 (11403)

2352 2767 145 20 MEUBLES
2509 2767 97 20 anciens

2354 2793 129 24 antiquités
2502 2792 16 21 &
2537 2793 68 20 vend.

2354 2820 33 22 64,
2407 2819 101 24 Dicweg,
2528 2819 77 20 Uccle.

2354 2846 105 20 Annonc.
2472 2845 43 21 vis.
2531 2845 75 22 (11406

2410 2994 136 20 IMPERÎA

2355 3019 72 21 Cond.
2450 3019 43 20 int.
2515 3019 14 19 6
2551 3018 51 24 cjl.,

2354 3050 81 15 neuve.
2456 3044 45 23 276,
2525 3043 80 21 ehaus.

2355 3071 117 19 d'Anvers.
2530 3069 72 21 (3207)

2356 3220 110 24 Quartier
2483 3218 126 23 Nord-Est,

2357 3245 16 21 à
2390 3247 72 22 louer,
2494 3245 59 20 belle
2584 3244 24 19 et

2356 3271 121 24 spacieuse
2510 3269 98 22 maison,

2357 3301 58 15 avec
2435 3299 98 21 garage-,
2554 3299 46 15 con-

2357 3322 87 19 ditions
2466 3320 134 23 avantageu-

2357 3352 45 14 ses.
2422 3346 73 19 S'adr.
2514 3345 32 22 93,
2566 3349 42 15 rue

2357 3372 96 23 Royale,
2471 3371 40 19 Br.
2531 3369 77 24 Télép.

2358 3396 97 21 17.81.83.
2545 3395 60 20 (529)

2377 3433 103 20 BELLE
2499 3432 93 20 VILLA

2358 3458 12 20 3
2390 3457 65 25 pièc,
2476 3458 59 19 entr.
2555 3457 54 22 fac,

2357 3488 79 19 magn.
2468 3488 52 18 vue,
2537 3482 73 23 soleil,

2358 3508 98 23 chauff.,
2475 3513 55 18 gar.,
2550 3507 60 24 jard.

2356 3534 24 19 et
2390 3532 109 25 verger-à
2508 3530 101 23 volonté,

2357 3563 69 15 nouv.
2437 3558 111 24 repeinte,
2558 3557 52 21 1000

2359 3584 29 19 fr.
2403 3588 22 19 p.
2439 3588 32 15 m.
2486 3583 32 23 16,
2532 3588 19 14 r.
2565 3583 46 19 Pa-

2358 3608 137 25 penkasteel
2546 3608 64 21 (Die-

2358 3633 71 25 weg),
2442 3633 77 20 Uccle.
2537 3633 70 21 (Lib.)

2547 3657 59 23 (848)

2360 3705 99 20 GARNI
2475 3704 16 20 à
2507 3705 73 23 louer,
2597 3705 14 20 4

2359 3730 85 25 pièces,
2466 3731 46 23 292,
2534 3731 76 20 Houf-

2358 3757 76 21 fallze.
2451 3756 160 26 Villégiature.

2535 3782 73 22 (3071)

2412 3830 22 21 A
2450 3830 105 21 LOUER

2357 3856 39 20 427
2417 3856 25 20 et
2460 3856 47 24 431,
2524 3856 37 21 ch.
2580 3856 30 20 de

2358 3882 72 23 Jette,
2449 3882 14 19 2
2482 3882 40 25 jol.
2542 3883 68 19 mais,

2359 3908 59 19 rent.
2430 3908 44 24 loy.
2487 3913 54 15 ann.
2553 3908 26 20 11
2587 3907 24 21 et

2357 3933 73 20 13.000
2449 3934 31 19 fr.
2499 3934 60 23 jard.
2581 3934 28 20 de

2357 3959 27 19 25
2395 3964 32 15 m.
2439 3959 61 24 prof,
2512 3960 75 19 trams
2595 3959 15 20 à

2358 3989 65 19 prox.
2443 3985 48 20 Vis.
2513 3986 28 19 de
2561 3986 13 20 9
2594 3985 16 21 à

2358 4011 13 19 4
2386 4011 23 20 h.
2422 4010 72 21 Cond.
2508 4011 33 23 17,
2555 4017 18 14 r.
2581 4011 29 20 de

2358 4036 101 24 Laeken,
2475 4037 40 20 Br.
2534 4037 76 21 (11404

1854 4789 93 28 Olivier
1967 4789 73 24 fixait
2044 4791 70 24 "-d'un
2136 4794 87 29 regard
2241 4795 104 29 profond

1820 4820 137 24 l'intimidée
1976 4820 111 27 Alfreda.
2107 4824 19 22 Il
2148 4825 34 23 dit
2201 4825 142 25 lentement:

1850 4865 31 5 —
1896 4852 34 30 Ça
1944 4859 31 18 ne
1988 4853 117 32 ro.etpnne
2118 4863 50 21 pas,
2183 4857 83 29 qu'elle
2281 4857 61 24 aime

1819 4883 23 24 la
1858 4884 129 30 musique...

1849 4928 31 5 —
1895 4916 67 23 Vous
1977 4917 168 29 saiver-iqu'elle
2161 4927 14 15 a
2191 4927 40 19 en.
2235 4920 57 24 haut
2307 4927 33 18 un

1818 4946 141 25 instrument
1979 4947 122 26 -arabe?...
2135 4950 83 24 s'écria
2244 4951 97 24 Marthe

1819 4985 60 17 avec
1896 4986 32 17 un
1946 4978 62 31 petit-
2019 4979 57 24 rire.

1847 5010 74 24 Alors
1936 5010 29 24 ils
1978 5006 103 35 pf'ièrçjit
2095 5015 54 22 tous
2163 5014 130 24 ensemble:

1846 5054 31 5 —
1892 5043 21 23 Il
1928 5042 54 23 faut
1996 5041 84 29 qu'elle
2093 5051 61 18 nous
2168 5053 29 16 en
2213 5046 57 29 joue
2278 5046 29 24 !...

1851 5073 97 25 L'oncle
1970 5073 84 28 A-itin,
2078 5076 145 31 qu'Alfreda
2246 5077 91 24 n'avait

1815 5104 53 30 plus
1886 5104 74 25 revue
1973 5100 127 39 $Sfu»Ç-K
2118 5108 104 29 premier
2238 5109 57 29 jour
2313 5112 25 20 et

1815 5136 40 28 qui
1872 5136 103 24 arrivait
1984 5135 39 26 'en.
2035 5139 87 27 retard,
2141 5147 26 16 se
2183 5139 88 30 joignit
2287 5140 50 24 vite

1814 5166 15 24 à
1851 5171 54 21 tous
1927 5175 78 21 ceux;,,
2009 5164 56 32 qui'.
2071 5170 117 28 parlaient
2211 5172 124 28 ensemble,

1814 5205 60 21 pour
1891 5199 80 24 forcer
1986 5199 28 23 lai
2026 5200 72 28 petite
2114 5201 15 24 à
2144 5202 71 29 jouer
2230 5203 30 24 du
2276 5203 60 24 luth.

1812 5229 38 29 Et,
1864 5230 91 30 malgré
1969 5230 84 34 qu'elle
2067 5233 102 36 suppliât
2184 5234 29 24 de
2226 5238 51 20 tout
2293 5242 42 16 son

1816 5261 50 24 être
1890 5269 60 22 pour
1973 5256 129 45 SraJ.J-1
2127 5264 117 30 épargnât
2267 5270 63 20 cette

1813 5292 109 30 épreuve,
1939 5293 15 23 il
1970 5289 70 33 fallut
2043 5309 5 13 :
2047 5287 70 36 'fcien,
2133 5296 22 24 le
2170 5297 52 23 luth
2238 5297 85 24 descen-

1811 5323 39 29 du,
1865 5325 83 29 qu'elle
1960 5324 70 29 jouât
2044 5329 24 20 et
2082 5327 97 24 chantât
2193 5335 61 22 pour
2268 5335 55 17 amu-

1812 5363 39 16 ser
1869 5364 28 17 sa
1915 5356 109 24 nouvelle
2046 5356 97 26 famille.

1837 5387 83 28 Alors,
1933 5386 165 39 assis^uf'.'iin
2112 5390 100 25 coussin
2224 5391 51 29 jeté
2288 5399 45 23 par

1810 5422 72 24 terre,
1899 5422 67 20 toute
1979 5412 145 36 .*ti;-mii)âhte
2143 5422 30 23 de
2191 5422 79 29 honte,
2290 5423 43 24 elle

1809 5457 136 22 commença
1963 5449 29 25 de
2010 5450 110 29 préluder
2137 5460 42 16 sur
2195 5453 36 24 les
2248 5454 84 24 cordes

1809 5481 85 29 grêles.
1918 5480 41 24 Un
1983 5481 87 25 silence
2092 5483 89 30 parfait
2196 5485 137 24 Teriviron-

1809 5512 57 24 nait.
1884 5511 140 25 Toutes'lês
2039 5512 94 30 fijrures
2147 5516 100 25 tendues
2263 5516 58 25 écou-

1808 5543 75 24 taient
1898 5543 29 25 la.
1937 5539 253 37 mû_i^ue,'2étrangère.

1846 5582 14 16 «
1880 5574 38 24 Ya
1933 5570 140 32 letyv-'Y-à,
2082 5577 62 26 leïl...
2163 5578 22 25 O
2202 5579 89 25 nuit!...
2308 5578 23 26 O

1807 5605 106 26 nuit!...t
1929 5613 143 19 commence
2087 5609 23 24 la
2124 5609 59 24 voix
2196 5611 135 24 d'AIfreda.

1840 5635 52 27 Elle
1903 5644 15 16 a
1929 5637 69 30 porté
2009 5645 27 17 sa
2048 5638 48 25 tête
2109 5647 41 17 sur
2160 5641 100 30 l'épaule
2272 5649 58 23 gau-

2358 4105 208 52 MgÊMÉI

2390 4186 185 24 Appartements

2356 4211 104 24 Apparts
2487 4212 81 24 garnis
2594 4209 17 21 à

2357 4236 75 23 louer;
2454 4241 61 20 pour
2533 4236 77 24 juillet

2358 4261 39 19 850
2420 4261 24 20 et
2467 4262 40 19 750
2527 4262 31 19 fr.
2583 4261 24 20 et

2358 4285 57 21 août
2430 4286 59 20 1.375
2504 4287 25 20 et
2543 4286 64 20 1.175.

2357 4311 35 20 W.
2408 4311 31 24 C,
2457 4316 51 18 eau,
2525 4316 43 19 gaz
2585 4311 24 20 et

2358 4335 65 21 élect.
2446 4337 72 20 S'adr.
2539 4336 17 20 à
2577 4336 32 19 M.

2357 4361 125 24 Milleville,
2536 4361 64 24 plom-

2356 4386 58 23 bier,
2436 4385 173 25 Coxyde-Villa-

2357 4416 36 20 ge.
2533 4410 73 22 (3069)

2357 4457 106 24 Ménage.
2479 4457 14 20 %
2507 4462 23 19 p.
2544 4457 64 20 cher,

2356 4487 53 20 app.
2424 4483 35 19 3*4
2474 4488 23 19 p.
2512 4482 88 20 Schaer-

2357 4507 65 21 beek.
2437 4508 54 20 Ecr.
2505 4508 55 20 A.D.
2575 4508 33 23 50,

2356 4534 95 19 Bureau
2465 4533 101 24 journal.

2357 4579 59 24 App.
2430 4579 63 20 conf.
2507 4579 68 24 dom.,
2589 4580 19 22 5,

2357 4604 19 23 7,
2395 4605 13 19 9
2425 4604 58 24 pièc.
2502 4605 24 20 et
2544 4605 56 19 fran-

2358 4629 56 24 çais,
2437 4630 84 22 442,av.
2546 4629 50 20 Cou-

2363 4659 80 18 ronne,
2467 4659 19 16 r.
2516 4655 81 23 Bourg-

2357 4679 93 23 mestre,
2480 4679 34 20 Ix.
2545 4680 60 20 S'ad.

2356 4704 45 23 200,
2424 4704 37 23 çh.
2491 4705 113 20 d'Ixelles.

2356 4729 46 20 Pas
2417 4734 82 19 agenc.
2545 4731 60 20 (808)

2629 1339 62 24 App.
2707 1337 16 21 &
2739 1339 42 23 1er,
2796 1338 13 20 5
2825 1338 57 25 gdes

2630 1363 65 26 pièc;,
2706 1364 49 23 ter.,
2767 1363 49 23 réf.,
2827 1368 57 18 cav.,

2634 1394 26 18 e»,
2681 1393 29 20 g.,
2732 1388 27 21 él.
2780 1388 46 24 157,
2847 1393 37 15 av.

2632 1414 95 24 Rogier,
2746 1414 53 20 Sch.
2822 1413 59 23 (819)

2641 1479 52 37 tifUi
2698 1483 176 27 meubles:

2701 1553 116 20 Occasion

2631 1579 20 19 A
2659 1578 87 20 vendre
2756 1583 51 18 sup.
2818 1577 67 20 mais.

2633 1602 94 23 rentier,
2754 1602 47 20 bon
2828 1601 56 23 état,

2634 1630 12 17 _î
2662 1626 37 24 et.,
2716 1632 50 17 eau,
2783 1632 50 19 gaz,
2850 1626 34 24 él.,

2634 1657 34 19 gr.
2682 1652 85 23 jardin,
2782 1657 18 14 s.
2814 1652 28 19 de
2857 1652 28 22 b.,

2635 1679 61 21 terr.,
2726 1677 47 23 fag.
2804 1677 12 19 7
2847 1681 38 17 m.,

2634 1706 51 20 sup.
2698 1701 15 20 8
2725 1706 22 15 a.
2761 1706 63 18 env.,,
2839 1701 44 21 219,

2633 1732 36 14 av.
2701 1726 94 25 Rogier,
2813 1726 71 20 Brux.

2758 1760 9 5 -
2809 1751 72 21 (2898)

2656 1812 22 19 A
2688 1816 21 16 v,
2719 1812 13 20 3
2742 1811 77 20 beaux
2828 1812 56 19 terr.

2634 1835 17 20 à
2672 1835 69 24 bâtir,
2765 1836 46 24 faç.
2833 1840 52 16 env.

2636 1860 13 20 6
2661 1865 37 18 m.,
2709 1861 13 19 5
2733 1865 30 15 m.
2782 1861 13 19 5
2806 1865 38 18 m.,
2854 1865 31 15 au

2632 1885 52 24 prix
2692 1885 28 19 de
2726 1885 78 23 20.000,
2808 1884 77 24 16.000,

2632 1911 77 22 14.000,
2716 1909 15 21 à
2738 1911 13 19 5
2762 1911 56 19 min.
2828 1915 57 19 gare

2635 1936 116 19 Berchem
2776 1936 109 24 Ste-Aga-

2635 1961 47 22 the,
2695 1961 53 19 don.
2761 1965 43 15 sur
2815 1965 70 15 nouv.

2634 1990 97 15 avenue.
2749 1985 73 20 S'adr.
2840 1985 44 23 125,

2635 2010 36 20 ch.
2692 2011 28 19 de
2741 2010 75 23 Gand,
2836 2010 40 20 Zel-

2634 2035 53 21 lick.
2699 2035 77 20 Tenn.
2782 2035 64 20 tram
2851 2035 33 20 85.

2810 2060 72 22 (1631)

2659 2107 114 25 Campine
2784 2107 91 20 braban-

2632 2131 83 26 çonne.
2727 2142 28 4 —
2768 2132 55 24 Sup.
2838 2133 37 19 ter-

2630 2158 65 20 rains
2717 2162 35 20 pr.
2774 2157 75 23 villas,
2869 2156 16 20 à

2629 2183 61 24 part.
2700 2182 46 20 4.50
2756 2183 15 20 1.
2781 2187 38 19 m.,
2831 2182 55 21 élec-

2630 2208 51 21 tric.
2701 2208 73 21 S'adr.
2792 2208 33 23 30,
2845 2212 41 15 rue

2630 2234 171 24 Longue-Haie.
2823 2232 55 21 Télé-

2632 2260 38 24 ph.
2684 2260 97 20 12.99.57.
2808 2259 72 22 (3059)

2632 2306 68 24 Villa,
2713 2306 39 24 jol.
2763 2306 87 24 situât.,
2862 2306 22 20 b.

2631 2331 61 24 jard.
2712 2331 14 21 7
2745 2336 28 19 a_,
2793 2331 57 25 arb.,
2870 2331 14 20 7

2630 2356 66 25 pièc,
2714 2361 58 19 cav.,
2791 2361 56 20 gar.,
2865 2356 18 21 t.

2631 2382 62 20 conf.
2708 2381 63 20 mod.
2786 2380 17 21 à
2817 2382 66 20 louer

2631 2406 72 23 12.6C0
2720 2407 31 20 fr.
2768 2406 14 20 2
2799 2407 84 20 minut.

2631 2432 75 19 trams
2721 2431 33 24 33,
2768 2432 28 20 98
2810 2432 25 20 et
2849 2432 33 20 96.

2629 2457 32 22 22,
2674 2462 42 14 rue
2729 2457 32 20 du
2772 2457 110 23 Roitelet,

2630 2478 149 27 Watermaet
2820 2482 59 22 (846)

2643 2527 68 20 Beux
2722 2527 73 21 belles
2805 2528 76 24 villas,

2632 2551 37 21 bel
2692 2551 45 24 sit.,
2760 2558 34 15 ar.
2801 2553 7 21 I
2817 2553 63 20 tram

2629 2577 55 25 près
2707 2583 63 19 gare,
2792 2579 86 20 110.000

2631 2603 25 20 et
2667 2604 84 23 195,000
2762 2604 38 23 fr-,
2811 2604 21 23 7,
2843 2609 36 15 av.

2629 2629 40 19 des
2680 2629 127 24 Touristes,
2818 2629 62 20 Rho-

2630 2653 170 21 de-St-Genèse.
2817 2655 62 20 (28G9

2630 2702 21 20 A
2663 2702 94 24 vendre,
2772 2708 66 15 aven,
2854 2703 28 20 de

2628 2728 137 24 Tervueren,
2775 2728 56 24 jolie
2840 2728 42 21 ha-

2629 2754 179 25 bitation.genre
2825 2755 57 19 villa

2629 2780 40 19 450
2685 2780 44 20 m2.
2744 2780 27 20 T.
2787 2779 94 21 confort

2629 2806 68 23 mod.,
2712 2806 37 20 ch.
2766 2806 115 25 centr.,gr.

2630 2831 60 24 jard.
2703 2831 54 21 Ecr.
2771 2831 35 21 W.
2820 2832 22 20 S.
2854 2833 27 20 P.

2630 2857 55 20 Bur.
2696 2857 77 24 journ.
2785 2858 56 20 Fac.
2853 2859 28 19 de

2630 2883 125 24 paiement,
2805 2884 77 21 (11407

2629 2929 130 22 Immeuble
2777 2930 105 25 Ipâustr.

2630 2954 17 20 à
2660 2956 14 19 2
2688 2955 33 21 ét;
2719 2970 9 9 r
2740 2961 110 20 conv.pr
2864 2958 18 19 t.

2630 2981 53 20 1000
2694 2982 38 19 m2
2743 2983 138 19 ïncombust.

2629 3007 80 23 solide,
2719 3006 19 22 à.
2750 3008 88 21 vendre
2850 3013 32 15 ou

2630 3031 16 21 à
2660 3033 72 21 louer.
2746 3033 76 24 Libre,
2836 3034 46 23 366,

2630 3058 37 20 ch.
2683 3058 29 21 do
2728 3059 74 20 Gand.
2819 3059 63 23 (3072

2674 3113 187 41 DIVERSES

2630 3182 54 23 _Ut
2689 3196 8 8 J
2701 3183 179 23 ;-i________»Sffl

2670 3450 183 21 PONDEUSES

2676 3482 169 21 sélectionnées

2680 3507 79 21 toutes
2776 3512 68 17 races

2638 3540 79 21 PRES
2738 3540 140 21 DEFIANT

2704 3566 105 20 TOUTE

2646 3591 233 21 CONCURRENCE

2635 3624 71 36 Jos.
2737 3623 150 38 PAULUS

2653 3672 66 25 Aîné,
2730 3673 138 25 aviculteur,

2679 3698 163 20 BRESSOUX

2647 3722 133 25 Téléphone
2801 3724 72 20 127.49

2636 3747 67 21 Dem.
2725 3748 101 25 catalog.
2849 3754 36 19 gr.

2810 3809 73 22 (2945)

2691 3854 154 22 BENNES

2649 3890 220 22 Basculantes

2634 3925 94 21 Breveté
2741 3924 23 24 S.
2776 3925 27 22 G.
2816 3924 27 23 D.
2855 3924 25 22 O.

2633 4142 90 21 Mombr.
2740 4143 139 21 réiérences.

2635 4169 72 19 Onntil
2720 4167 56 21 VAN
2789 4168 93 20 DORPE

2632 4193 113 21 Foumiss.
2764 4194 28 19 de
2811 4194 68 19 l'Etat

2633 4220 38 22 37,
2687 4223 42 16 rue
2748 4219 30 20 du
2797 4219 83 21 Phénli

2674 4250 165 22 IHOUSCRON.

2659 4282 129 23 Téléphone
2802 4282 53 22 178.

2634 4313 73 24 Dépôt
2719 4317 25 18 et
2755 4314 88 21 service
2855 4316 29 20 de

2634 4340 79 19 ventes
2734 4340 57 20 chez
2810 4340 74 23 Char-

2634 4365 33 19 les
2686 4364 142 26 LAMBERT,
2843 4363 40 26 '67,

2634 4392 40 17 rue
2695 4388 40 22 Ed.
2755 4389 46 21 Van
2823 4389 60 21 Cau-

2632 4412 115 27 wenberg,
2765 4414 118 22 Bruxelles

2795 4439 84 24 (5060)

2651 4485 117 21 TABACS
2779 4486 87 21 DOUX

2632 4509 161 25 aromatiques
2839 4512 41 20 des

2631 4535 133 20 meilleures
2792 4536 83 24 planta-

2632 4559 62 20 tions
2714 4560 28 20 de
2762 4560 27 21 St
2808 4560 75 25 Léger

2632 4584 24 19 et
2674 4584 28 20 de
2718 4584 24 20 la
2759 4585 80 21 Vallée
2854 4586 29 20 de

2632 4609 24 19 la
2671 4608 96 22 Semois.
2783 4610 27 21 G.
2825 4611 57 20 Bur-

2631 4633 72 24 notte,
2721 4634 111 24 planteur
2847 4636 27 20 fa-

2632 4658 98 24 bricant,
2762 4660 27 20 St
2807 4659 75 25 Léger

2635 4682 141 24 (Luxemb.).
2817 4685 67 20 Prix-

2632 4709 100 19 courant
2755 4714 43 15 sur
2821 4710 59 20 dem.

2811 4735 73 22 (2928)

2962 1337 150 37 BEURRE

2906 1386 89 21 Danois
3006 1391 44 19 par
3060 1387 46 20 50.8
3117 1386 45 25 kg.,

2905 1413 30 19 fr.
2945 1411 60 21 20.40
3015 1414 22 19 le
3048 1412 49 24 kg.:
3105 1412 47 20 Hol-

2909 1438 93 20 landais
3017 1442 44 19 par
3076 1438 26 19 50
3116 1437 46 24 kg.,

2908 1463 31 20 fr.
2946 1463 68 24 20.00;
3024 1463 102 20 Laiterie
3134 1463 27 20 St

2909 1487 102 21 Antoine
3027 1493 45 19 par
3086 1488 13 20 5
3115 1488 47 24 kg.,

2914 1513 31 20 fr.
2951 1512 70 24 20.50;
3028 1519 46 18 par
3080 1513 27 20 10
3113 1513 47 25 kg.,

2908 1538 32 20 fr.
2962 1539 61 20 20.25
3032 1544 6 19 ;
3066 1544 45 20 par
3135 1539 27 21 25

2908 1564 46 24 kg.,
2970 1565 60 20 20.00
3051 1566 31 20 fr.
3104 1566 57 19 Prix

2910 1590 66 20 selon
2997 1590 35 20 les
3053 1590 108 24 qualités.

2909 1613 82 21 Adres.
3016 1619 6 15 :
3058 1615 102 20 Laiterie

2910 1638 28 20 St
2958 1638 108 25 Antoine,
3088 1640 72 20 Petit-

2909 1664 92 23 Brogel.
3027 1664 134 25 Limbourg.

3086 1690 72 22 (2839)

2945 1767 180 21 POULETTES

2930 1792 13 20 3
2967 1793 67 22 mois,
3059 1793 81 24 depuis

2975 1818 27 20 15
3012 1818 81 21 francs

2947 1843 113 24 Wilkens,
3076 1844 47 20 An-

2928 1867 74 25 glenr.
3064 1869 72 21 (2978)

3325 306 245 57 Pourquoi

3328 404 490 55 PIERCE-t-MR-OW

3328 521 52 41 «t

3329 618 235 47 LINCOLN

3329 723 156 45 ont-ils

3331 825 190 54 adopté

3332 931 45 44 la

3333 1038 189 59 "roue

3742 1030 37 23 //

3334 1156 170 43 brevet

3432 1207 2 2 ■
3457 1206 3 4 ■

3336 1264 475 69 st-._-ebai.ee.

3329 1412 165 39 ANCIENS
3538 1409 319 39 ÉTABLISSEMENTS

3225 1484 411 68 D1ETEREN
3683 1472 283 75 FRÈRES

3353 1578 42 32 50,
3409 1575 59 38 RYE
3484 1573 45 30 DU
3547 1573 100 34 MAIL,
3661 1570 175 31 BRUXELLES

3446 1630 139 34 Téléphone
3596 1642 8 16 i
3615 1630 126 27 44-48-05

2924 2244 144 22 N'EXISTE
3089 2242 59 22 PAS

2910 2271 38 21 Un
2967 2271 60 24 prix,
3033 2275 47 15 une
3100 2268 63 25 quai,

2911 2301 30 15 en
2951 2295 76 21 boites
3037 2293 126 26 plombées.

2908 2320 165 25 ï2>épositaires
3103 2334 3 4 .
3117 2318 39 24 3e-

2910 2344 99 23 mandés
3043 2350 61 20 pour
3137 2345 25 19 la

2907 2371 118 25 province.
3043 2371 46 23 322,
3122 2370 36 20 ch.

2908 2397 112 23 d'Ixelles,
3039 2396 121 20 Bruxelles

3082 2420 73 22 C2952)

3232 1796 225 83 NOUVELLE
3478 1796 113 81 TRES
3616 1794 339 83 IHTERESSAiTE

3258 1946 36 20 La
3314 1945 167 25 Prophylactic
3503 1945 79 20 Brush
3599 1945 40 24 Co,
3656 1944 107 21 désirant
3779 1943 75 21 lutter
3870 1943 83 20 contre

3231 1973 26 19 la
3273 1972 38 20 vie
3329 1971 71 21 chère
3419 1972 24 20 et
3460 1971 128 25 permettre
3604 1970 17 21 à
3642 1971 60 23 tous,
3725 1975 46 19 par
3800 1968 151 26 conséquent,

3234 1998 140 24 d'employer
3392 2003 38 15 ses
3448 1998 94 19 brosses
3560 1996 17 20 à
3600 1996 69 21 dents
3702 1996 29 20 de
3763 1994 90 26 qualité
3884 1995 72 24 supé-,

3233 2024 83 23 rieure,
3335 2028 108 15 annonce
3462 2024 34 19 les
3516 2022 139 21 réductions
3668 2022 157 24 importantes
3839 2020 117 26 ci-après:-

3232 2074 103 20 ADULT

3473 2073 31 20 fr.
3530 2073 60 20 18.50
3619 2071 182 21 anciennement
3835 2072 32 20 fr.
3892 2071 61 21 25.00

3232 2107 85 21 POUR
3333 2106 106 20 DAMES
3484 2111 14 15 »
3530 2106 60 20 14.50

3231 2139 86 21 BABT
3484 2144 13 14 »
3543 2139 46 20 B.50

3231 2172 108 21 EXTRA
3358 2172 106 20 LARGE
3484 2176 13 16 »
3529 2171 60 21 22.50

3232 2205 101 21 MASSO
3348 2205 25 20 et
3390 2205 81 21 OVAL
3485 2219 11 5 -
3530 2205 60 19 18.89

3231 2237 160 22 DENTIERS
3484 2244 12 15 »
3530 2238 59 19 18.50

3892 2104 61 21 19.50

3892 2137 61 21 11.75

3892 2170 60 20 29.50

3892 2203 60 20 25.00

3891 2236 59 20 25.00

2936 2486 80 20 Traité
3030 2486 102 25 complot
3147 2487 5 19 I

2938 2511 156 21 d'aviculture

2929 2537 40 20 400
2994 2541 79 20 pages,
3099 2536 39 20 250

2930 2567 65 19 grav.
3005 2567 6 18 ;
3047 2562 27 19 30
3107 2561 30 21 fr.

2928 2588 90 19 franco.
3025 2586 112 23 Wilkens,

2929 2613 110 23 Angleur.
3072 2605 80 32 2979)J

2903 2718 256 29 BSBSBSBSBS

2952 2764 42 26 24
3011 2761 100 29 MOIS

2933 2804 199 49 CREDIT

2906 2869 77 20 SANS
3010 2866 149 23 ACOMPTE

2937 2896 64 19 Tous
3017 2895 112 21 meubles,

2905 2921 98 24 pbonos,
3015 2920 144 23 cuisinières,

2961 2947 146 19 confections

2903 2978 38 28 B.
2968 2977 192 29 SINGELEE

2905 3021 34 23 22,
2964 3021 38 20 Bd
3027 3021 131 23 Baudouin,

2968 3047 130 21 Bruxelles.

2907 3073 31 22 17,
2952 3078 43 15 rue
3007 3073 32 20 du
3050 3073 109 25 Progrès,

2976 3098 118 21 Gosselies

2904 3130 256 29 BSBSBSBSBS

3231 2328 78 25 Agent
3323 2327 97 26 général
3433 2333 60 19 pour
3506 2327 25 20 la
3545 2326 118 25 Belgique
3680 2326 25 20 et
3721 2325 23 21 le
3761 2325 173 21 Grand-Duché
3944 2331 7 15 :

3378 2380 51 45 A.
3456 2379 348 54 Vandevyvere

3317 2453 161 34 Boulevard
3495 2453 33 32 H.
3543 2452 116 41 Speecq
3675 2470 11 7 -
3709 2451 41 32 54
3779 2467 13 11 •
3825 2451 127 32 Matines

3182 2590 17 20 S
3220 2591 50 23 kgr.
3290 2591 48 20 cire
3357 2590 77 23 Jaune,

3184 2615 46 20 100
3248 2616 42 23 fr.;
3308 2615 11 20 1
3342 2615 61 20 boite
3419 2615 16 19 B

3184 2641 50 23 kgr.
3248 2640 51 20 miel
3313 2644 53 20 pur,
3377 2640 31 19 70
3417 2640 18 19 f.

3186 2664 247 25 rranco.PONOELET,

3195 2690 238 22 Fontaine-l'Evêque.

3202 2762 86 33 FUTES
3302 2761 128 44 .PEINDRE!

3204 2805 67 20 vôtre
3285 2804 86 24 façade
3384 2808 31 15 au
3425 2805 5 30 |

3204 2835 86 20 moyen
3326 2830 29 20 de
3379 2839 4 4 -
3391 2830 25 20 la

3204 2857 109 24 peinture
3343 2861 73 19 pneu-

3205 2883 87 21 matin.,
3307 2881 17 20 à
3337 2882 79 24 partir

3206 2908 29 20 de
3253 2907 59 20 12.50
3327 2907 26 22 lé
3371 2908 44 19 m2.

3202 2947 28 6 -_
3256 2932 157 21 HENRARD

3205 2958 45 26 342,
3265 2964 20 14 r.
3291 2959 40 19 .'du
3336 2958 84 25 N_yer~
3426 2954 4 24 I

3204 2980 167 29 Tél:/__.04.62.

3358 3008 74 35 "(850)

3186 3067 88 21 Vaches
3291 3072 25 19 et
3332 3068 103 24 génisses

3184 3092 167 26 Jersey.vêlées
3364 3098 28 20 et
3402 3098 32 20 pr.

3185 3116 14 21 à
3209 3117 71 23 vêler,
3293 3117 55 21 chez
3359 3118 22 21 J.
3393 3118 29 20 Se
3425 3129 8 11 r

3186 3142 42 24 ret,
3243 3142 13 20 à
3268 3142 115 25 Vie.6ville.
3398 3143 37 21 Gr.

3186 3167 98 22 facilité»
3301 3168 127 25 paiements

3185 3192 49 21 Tél.
3251 3192 52 25 195,
3317 3192 89 23 Luttre.

3344 3218 85 25 12720)

3466 2587 248 21 TirdtBRES-POSTE

3462 2614 105 20 ACHAT
3583 2623 10 6 -
3608 2613 109 20 VENTE

3463 2640 127 24 Dekeyser,
3604 2639 33 23 83,
3652 2644 19 15 r.
3688 2639 28 20 de

3462 2667 25 19 la
3501 2666 116 24 Chapelle,
3632 2665 76 20 Osten-

3461 2692 37 20 de.
3638 2691 73 22 (3001)

3480 2776 68 25 Retut
3552 2781 37 18 ii-
3593 2774 101 27 Publicité

3506 2807 74 12 U*_*oeU*
3587 2807 79 12 *n_-p.*

3479 2826 215 34 PUBLIEE?

3486 2865 197 23 J-HEHaiFdUtEIJHK

3500 3024 99 27 Ballon
3620 3028 52 28 gaz

3484 3071 70 19 avec
3562 3062 126 27 réclame

3482 3100 108 42 6EBARD
3603 3097 92 43 DEVET

3484 3143 211 16 ji=iti>icl:3-C'.'.!§t!'Mnctat

3493 3157 194 27 Mffle.Ki-fciiAia-UPX

3739 2586 250 24 tiHrf.'vn.'fniàinii

3737 2640 83 20 LAINS
3833 2641 13 21 à
3858 2641 132 21 MATELAS

3801 2666 38 20 DU
3856 2666 73 20 PAY8

3741 2906 119 21 irovenant
3871 2906 41 22 des
3923 2906 75 23 mei*.-..

3740 2932 76 21 leùres
3851 2932 83 21 lont».'
3947 2926 51 31 ,ffl

3739 2957 93 20 mouton
3853 2956 144 23 Sambre.etr

3739 2982 79 20 Meuse
3840 2987 29 16 ne
3890 2987 27 18 se
3939 2980 53 22 feu.

3739 3008 48 20 Iran
3792 3010 8 20 t
3824 3011 49 21 pas.
3897 3006 92 22 Timbre

3738 3031 28 21 de
3805 3031 103 26 garantie
3949 3035 44 18 sur

3739 3057 99 21 facture.

3738 3082 81 20 Lavoir
3847 3083 29 20 de
3907 3082 82 21 Laines

3736 3113 54 25 118,
3808 3119 43 16 rue
3869 3115 121 24 Heyvaert,

3803 3140 120 21 Bruxelles

3736 3171 48 23 Tél.
3798 3172 69 22 Brux.
3880 3172 108 22 11.15.75

2983 3751 113 23 Certains,
3105 3748 150 33 ^p.ciaBsfê*
3265 3747 48 34 «â<S(
3325 3753 68 26 -pin»
3408 3754 29 21 de

2982 3779 84 23 beauté
3085 3780 140 27 prétendent
3244 3787 46 21 qi"-*
3310 3781 28 20 '»•
3349 3781 88 22 beauté

2981 3807 59 22 n'est
3049 3808 86 26 qu'une
3144 3808 148 29 que_fiî[7titi$
3298 3808 62 28 fjàût
3366 3809 71 23 ctfune

2981 3835 98 27 époque.
3097 3836 61 22 C'est
3171 3843 47 16 une
3228 3831 143 35 ètfjjication
3384 3844 42 15 suc-

2981 3864 73 22 cincte
3064 3867 23 19 et
3098 3865 272 26 fausseif&ussètparce
3382 3871 56 21 que.

2981 3891 102 27 quoique
3100 3892 24 22 îa
3141 3890 72 24 mode
3225 3893 101 26 change,
3340 3893 34 21 les
3387 3894 55 21 exfr

2980 3925 85 20 gences
3078 3920 30 22 de
3122 3920 24 22 ïa
3159 3924 68 18 santé
3240 3927 46 20 que
3298 3921 100 25 forment
3412 3921 23 22 la

2981 3947 56 22 base
3046 3948 30 21 de
3085 3948 25 22 la
3119 3948 91 25 beauté,
3217 3952 94 19 restent.
3322 3949 35 21 La
3366 3949 69 22 mode

2980 3981 31 17 ne
3022 3979 58 23 peut
3093 3982 46 21 que
3155 3977 126 22 maintenir
3292 3977 35 21 les
3342 3978 95 28 formes,

2973 4004 65 26 .dont
3045 4004 133 22 survivront
3184 4004 128 22 seulement
3319 4005 68 23 celles
3394 4010 45 17 tna

2980 4035 107 20 assurent
3100 4032 16 22 à
3130 4032 23 22 la
3165 4033 87 25 femme,
3258 4029 100 30 l'égalité
3365 4036 59 19 natu-

2978 4059 57 24 relle
3056 4060 61 22 dans
3136 4066 39 17 ses
3190 4064 158 19 mouvements
3369 4065 23 18 et
3407 4068 29 15 sa

3458 3754 74 22 santé.
3538 3755 35 26 Le
3575 3755 116 28 physique
3696 3756 110 27 agréable
3809 3760 25 21 et
3836 3758 80 26 dispos

3458 3782 78 27 d'untf
3541 3782 85 26 femme
3635 3790 16 15 a
3662 3790 63 20 pour
3738 3784 57 23 base
3809 3792 48 15 une
3870 3786 45 26 hy-

3457 3808 157 28 giènèintime
3626 3812 113 23 moderne,
3747 3816 24 18 et
3779 3813 135 27 esthétique.

3458 3838 69 21 Seule
3555 3839 27 26 [g
3607 3840 109 22 nouvelle
3739 3841 107 22 serviette
3870 3842 34 26 hy-

3451 3866 116 27 giénique
3581 3864 136 25 ''Camélia"
3726 3872 57 22 peut
3799 3869 115 23 l'assurer.

3457 3894 48 21 Des
3517 3894 99 22 millions
3625 3895 30 22 de
3664 3896 96 26 femmes
3773 3903 32 15 ne
3812 3900 102 23 peuvent

3455 3922 53 26 plus
3512 3928 12 15 s
3527 3922 34 23 'en
3566 3929 87 20 passer.
3659 3923 50 22 Elle
3713 3924 33 22 les
3751 3924 71 22 libère
3827 3925 31 22 de
3862 3928 52 19 tous

3457 3950 34 21 les
3504 3950 175 23 inconvénients
3696 3955 24 18 et
3735 3952 42 21 des
3794 3953 118 23 embarras

3456 3978 111 26 pénibles.
3592 3979 112 27 L'emploi
3727 3980 43 23 des
3793 3981 120 23 méthodes

3458 4005 125 26 démodées
3604 4007 125 26 (serviettes
3746 4008 113 26 lavables)
3879 4013 34 18 est

3458 4034 152 27 inesthétique
3622 4038 23 19 el
3658 4039 99 20 souvent
3770 4036 24 22 la
3803 4042 72 17 cause
3883 4037 32 22 de

3459 4062 130 22 nombreux
3601 4069 79 17 maux.

2991 4103 114 23 Camélia
3124 4111 15 16 r

3003 4138 59 19 tous
3083 4137 38 21 les
3145 4137 85 24 désirs

3140 4105 31 31 ép

3146 4137 30 21 d»

3173 4105 53 22 Ond
3244 4106 16 22 à
3270 4107 95 16 Plusieurs
3374 4107 80 17 couche,
3462 4108 42 16 d'en-
3507 4112 17 12 a:
3527 4113 11 12 c
3544 4112 54 14 extra
3605 4109 40 17 fine
3654 4112 18 15 et
3680 4109 105 19 du.'reteuae
3792 4109 111 20 "Camélia"

3254 4132 8 9 »
3270 4128 32 19 (en
3315 4127 99 22 cetalosej,
3426 4129 150 18 -ntc€asivcm«nt
3590 4130 120 21 BTdTopîille,
3719 4135 90 18 poumi*
3823 4131 25 18 de
3858 4131 46 18 snb-

3244 4154 3 9 '
3270 4152 43 13 ."-..ii**
3315 4154 20 12 ce
3337 4154 8 12 s
3357 4148 147 19 désodvraates.
3524 4148 190 21 MerveUïcusement
3726 4152 65 18 molle,
3806 4151 97 22 épousant

2989 4167 20 18 la
3019 4169 69 17 tonne.
3099 4169 99 17 Meilleure
3209 4169 109 21 profectlon
3329 4174 67 13 contre
3402 4171 29 17 les
3439 4170 145 19 îHEonvênJ-fnts
3592 4172 24 17 de
3623 4172 20 17 la
3649 4173 67 17 saison
3723 4173 73 17 dMuida
3804 4173 51 18 ainsi
3862 4178 41 13 fluc

2990 4192 65 15 contre
3065 4189 29 18 les
3104 4189 180 19 refroidissementa»
3294 4190 62 18 Coins
3363 4191 96 23 arrondis,
3464 4190 36 20 *3ar
3507 4192 126 22 canséquent,
3639 4194 92 17 adaction
3737 4194 86 21 parfaite.
3833 4192 74 20 Aucun*

2989 4210 100 18 embarras
3095 4214 48 15 avec
3149 4210 29 18 les
3184 4210 59 20 robes
3250 4210 55 22 d'*_t4
3316 4212 111 21 Protection
3432 4208 89 25 dïiuiEC.
3528 4208 375 29 Ejta^lMttsxéitirencesadeniifîques.

3142 4189 142 19 oidissementa.
3294 4190 62 18 Coins
3363 4191 96 23 arrondis,
3463 4190 37 28 ^ar
3507 4196 125 18 cunat-quent,
3639 4194 92 24 adaptian
3737 4194 86 21 parfaite,

3140 4215 3 13 :
3148 4210 30 19 les
3184 4210 59 20 rqbes
3250 4210 55 22 d'étxt
3316 4212 111 21 Protection
3432 4213 27 19 dtï
3463 4214 58 24 ïinpc
3528 4213 232 21 Ejtccllentesxélérences
3764 4215 62 19 adent

2989 4231 106 21 Fabriquée
3105 4232 49 17 dans
3167 4236 32 13 ses
3213 4236 82 16 pronres
3307 4233 73 21 usines,
3392 4233 170 20 ulKa-OioOcrnes.

2988 4252 30 18 La
3028 4253 98 17 ceinture
3135 4252 15 10 M
3151 4251 100 22 Cftnj_Dîa*
3249 4253 4 8 ,
3253 4258 3 5 '
3254 4250 14 15 iP
3269 4256 32 16 €st
3309 4253 21 19 la
3339 4254 107 22 perfccâoij
3456 4256 65 17 mflme
3532 4255 37 18 elle
3581 4260 21 13 se
3612 4260 54 16 porte
3679 4261 25 13 en
3714 4256 96 21 épousant
3820 4257 76 18 admira-

2989 4273 85 18 blement
3090 4273 20 18 la
3126 4274 72 21 forme,,
3206 4278 54 17 ^sans
3276 4279 69 14 causer
3361 4276 20 17 le
3398 4276 89 20 moîMcc
3493 4278 6 15 I
3576 4279 2 6 '
3595 4279 5 5 '
3607 4279 15 6 ■■
3622 4279 13 6 "
3644 4279 5 6 '
3724 4279 2 3 *
3725 4276 5 10 *
3773 4280 6 7 "
3778 4280 19 7 ***********-
3802 4280 2 7 '

2988 4293 137 19 inconvénient
3139 4298 21 14 et
3174 4299 26 13 en
3210 4294 83 19 laissant
3305 4296 20 17 lo
3337 4297 110 19 maximum
3459 4295 29 20 Be
3505 4291 30 17 En
3545 4292 104 21 cU-sO"»!»'****
3659 4292 29 17 de
3697 4293 45 17 BOïe

3105 4315 69 18 liberté
3184 4315 36 18 des
3229 4321 140 14 mouvements.
3504 4318 30 18 En
3545 4319 104 17 élasCince
3660 4320 28 18 de
3697 4321 64 17 coton

3792 4290 47 20 Frs.
3848 4293 52 17 13.50

3791 4320 46 18 Fra.
3847 4321 53 18 19.—

2977 4360 335 43 ^^r^iMiX"»?»^
3332 4362 90 34 Soûle
3437 4363 197 35 "Camélia"
3649 4366 52 33 est
3714 4366 198 33 "Camélia"

3493 4432 22 28 la
3532 4434 111 28 servlott.

3485 4516 165 31 .Destructions

3486 4551 10 14 -'
3506 4551 84 35 simple
3609 4553 25 27 et

3511 4586 110 30 discrète.

2976 4644 70 23 Afent
3056 4645 89 22 ï»aér»l
3152 4645 88 21 C-atles
3247 4645 97 22 Bedicr»,
3354 4647 21 17 55
3381 4645 88 21 Avenue
3476 4648 28 18 de
3509 4648 23 18 U
3543 4649 95 22 S.aplntc.
3642 4655 19 16 e,

3091 4673 110 18 Brnx.Uo-
3212 4681 20 6 -
3242 4673 66 19 Uccle
3317 4675 19 21 3,
3346 4674 107 24 Téléphoo
3463 4676 79 19 «.74.73

3711 4425 87 17 Bran-Mir
3810 4426 75 16 normalt

3709 4445 58 19 Boîte
3779 4447 26 18 (10
3816 4447 63 19 pièce»
3881 4448 4 8 1

3747 4468 44 16 birs.
3804 4462 50 23 li.53

3709 4492 86 17 Bran-our
3806 4493 83 16 courante

3710 4512 56 19 Boîte
3777 4514 28 18 (12
3814 4513 73 20 pièces)

3745 4534 45 17 Mn.
3802 4534 49 19 1U3

3700 4562 85 13 -rar.eur
3796 4558 100 19 suaorlBOT*

3710 4579 55 18 Boîte
3776 4581 27 18 (13
3813 4580 72 21 pièces)

3746 4600 45 19 birs.
3802 4601 19 17 21
3824 4601 27 18 .!5
3879 4614 8 14 j

3710 4625 67 18 Ko-àls
3788 4625 22 18 de
3820 4625 68 23 Veysg.

3751 4648 17 18 (»
3778 4646 65 18 seules

3694 4667 76 18 Dindes
3781 4668 26 17 4e
3816 4668 86 18 secours)

3745 4688 46 18 Mrs.
3803 4689 47 18 10.50

3643 4740 33 22 £2

2367 4795 51 30 che,
2437 4800 140 21 retrouvant
2592 4801 53 21 tout
2662 4799 30 24 de
2708 4801 61 24 suite
2785 4802 23 23 le
2825 4806 66 25 geste

2352 4846 5 11 ,
2365 4827 80 29 appris
2459 4835 31 16 au
2504 4828 80 25 Palais
2598 4829 41 25 des
2654 4830 106 27 Princes.
2775 4833 58 24 Puis
2846 4833 44 24 elle

2365 4865 25 16 se
2405 4863 49 19 met
2468 4859 15 24 à
2498 4861 121 28 sangloter
2633 4863 101 29 quelque
2748 4863 72 25 chant
2836 4872 53 16 ara-

2363 4889 36 29 be,
2415 4896 33 17 un
2464 4891 72 24 chant
2551 4892 40 30 qui
2607 4894 101 25 souffre.
2724 4895 165 25 Insaisissable

2364 4928 91 17 comme
2478 4923 35 23 les
2536 4924 159 25 modulations
2718 4927 41 24 des
2781 4927 106 29 oiseaux,

2365 4953 112 28 toujours
2501 4955 75 28 pareil
2601 4959 24 20 et
2648 4957 90 29 jamais
2761 4958 82 30 pareil,
2868 4959 17 24 il

2364 4983 111 30 s'exhale,
2489 4993 28 16 ce
2533 4986 79 29 chant,
2627 4988 53 29 plus
2694 4989 89 29 procHe
2797 4994 23 20 et
2835 4990 53 30 plus

2361 5014 108 30 lointain,
2483 5017 52 29 plus
2548 5019 94 23 naturel
2657 5023 23 20 et
2694 5021 53 29 plus
2760 5021 67 23 sacré
2841 5029 45 22 que

2362 5046 24 24 la
2404 5048 108 29 musique
2531 5049 157 30 européenne.

2394 5078 81 25 L'âme
2493 5079 168 30 impénétrable
2680 5082 41 25 des
2739 5083 94 25 Arabes
2850 5085 36 24 vit

2360 5112 52 22 tout
2426 5110 89 25 entière
2529 5112 60 26 dans
2601 5113 23 24 le
2637 5114 92 29 rythme
2743 5120 105 25 sauvage
2860 5120 26 20 et

2360 5145 92 25 savant,
2466 5142 23 24 le
2505 5144 92 28 rythme
2612 5144 16 24 à
2643 5149 158 27 contretemps
2816 5147 69 29 qu'ils

2360 5176 41 20 ont
2422 5174 86 25 trouvé
2528 5182 62 22 pour
2609 5176 127 30 exprimer,
2758 5178 126 29 peut-être,

2359 5204 52 23 leur
2425 5212 54 17 sens
2495 5205 55 25 inné
2564 5206 30 25 de
2608 5207 185 26 l'inexactitude.
2808 5210 65 23 Musi-

2358 5243 46 22 que
2417 5241 127 20 monotone
2557 5242 24 20 et
2596 5238 123 25 fabuleuse
2733 5244 24 20 et
2770 5241 40 29 qui
2822 5248 62 17 nous

2358 5266 103 31 évoque,
2475 5268 15 24 à
2503 5276 64 17 nous
2581 5270 36 24 les
2632 5270 181 31 Occidentaux,
2826 5276 57 21 tout

2359 5305 28 17 ce
2406 5306 45 22 que
2477 5307 61 17 nous
2566 5304 104 21 mettons
2697 5302 59 24 dans
2784 5303 22 24 le
2833 5308 50 20 mot

2358 5329 93 25 Orient.
2471 5331 25 23 A
2512 5331 141 29 l'entendre,
2672 5340 62 18 nous
2753 5334 129 25 défaillons

2359 5361 69 24 d'une
2444 5361 104 28 émotion
2565 5363 164 30 inexplicable.
2745 5365 69 26 Nous
2830 5374 42 17 sen-

2359 5395 54 21 tons
2429 5400 45 22 que
2491 5401 61 17 nous
2570 5402 101 18 sommes
2686 5396 57 30 pris,
2759 5405 46 22 que
2820 5405 62 18 nous

2356 5428 125 21 resterons
2495 5426 24 24 là
2533 5426 43 25 des
2590 5426 98 31 heures,
2702 5428 119 26 écoutant
2829 5430 53 25 cela

2356 5462 46 22 que
2420 5463 61 18 nous
2499 5464 30 17 ne
2549 5464 157 23 comprenons
2724 5467 50 22 pas,
2793 5465 24 20 et
2835 5469 45 23 que

2355 5494 60 17 nous
2428 5495 17 21 y
2459 5488 155 26 reviendrons
2628 5489 118 31 toujours,
2760 5492 120 26 obéiss.nt

2356 5517 15 24 à
2384 5518 25 24 la
2422 5518 144 26 fascination
2581 5520 30 24 de
2626 5521 127 26 l'inconnu.

2386 5549 145 31 Longtemps
2550 5552 104 25 Alfreda
2672 5554 94 29 chanta,
2784 5560 95 21 serrant

2354 5585 86 20 contre
2455 5583 46 23 elle
2514 5583 24 24 le
2552 5583 54 24 luth
2621 5585 32 24 de
2662 5585 109 26 Ouarda.
2780 5587 34 25 Sa
2822 5596 45 22 pro-

2351 5619 44 23 pre
2408 5612 58 25 voix
2480 5613 23 24 la
2518 5614 117 25 charmait
2649 5616 228 29 douloureusement.

2352 5643 33 26 Et
2399 5644 46 24 elle
2458 5652 26 18 se
2498 5647 153 26 souvenait-,

2947 4802 83 27 Enfin,
3045 4804 44 24 elle
3104 4804 141 26 abandonna
3257 4806 24 24 le
3294 4806 60 29 luth,
3368 4814 71 19 passa

2916 4841 38 17 ses
2973 4834 79 31 doigts
3073 4844 41 16 sur
3133 4844 44 17 son
3197 4837 72 25 front.
3290 4837 41 25 Un
3351 4839 29 23 de
3400 4846 38 16 ses

2914 4866 88 24 rubans
3015 4868 87 28 tomba,
3117 4868 100 24 laissant
3231 4869 61 24 aller
3304 4877 46 16 une
3365 4870 73 30 petite

2913 4897 84 24 boucle
3011 4898 40 29 qui
3067 4906 26 17 se
3108 4906 58 23 posa
3181 4907 41 17 sur
3238 4908 42 16 son
3296 4901 47 24 œil.
3366 4919 4 5 .

2949 4929 124 25 Personne
3096 4938 31 17 ne
3150 4931 69 31 parla
3243 4932 106 25 d'abord.
3375 4933 58 25 Puis

2913 4960 115 24 Marcelle
3045 4961 34 25 dit
3097 4970 55 17 sans
3170 4963 105 25 sourire:

2942 5004 32 6 —
2992 4992 66 25 C'est
3074 4994 215 26 extraordinaire.»

2944 5023 73 24 Alors
3032 5024 64 25 mille
3111 5026 121 29 questions
3246 5026 141 27 affluèrent.
3401 5028 36 26 La

2911 5054 73 30 petite
3006 5055 125 30 répondait
3152 5064 92 18 comme
3264 5059 46 24 elle
3331 5060 105 28 pouvait.

2912 5085 52 25 Elle
2985 5091 99 21 raconta
3105 5088 106 31 Ouarda,
3230 5090 36 24 les
3285 5090 101 30 joueurs
3406 5091 30 24 de

2911 5116 61 25 flûte
2995 5118 142 26 kroumirs...
3161 5119 53 26 Elle
3238 5120 126 26 s'animait
3390 5123 45 24 Ses

2909 5155 66 22 yeux
2995 5149 157 27 étincelaient.
3172 5150 79 26 Toute
3270 5161 28 16 sa
3318 5161 118 22 personne

2910 5179 142 27 frissonnait
3069 5189 92 22 encore,
3178 5190 73 23 parce
3266 5184 85 30 qu'elle
3368 5182 69 28 avait'

2910 5210 93 26 chanté.

2941 5243 34 24 Ils
2995 5243 135 26 écoutaient
3149 5249 54 21 tous
3223 5254 59 17 avec
3301 5255 48 18 une
3369 5254 65 20 sorte

2908 5273 30 24 de
2958 5279 100 25 respect
3078 5276 48 26 Les
3145 5277 85 25 choses
3250 5279 84 29 qu'elle
3354 5280 79 30 disait,

2909 5306 46 23 elle
2978 5307 69 24 seule
3070 5309 102 29 pouvait
3196 5310 35 24 les
3254 5310 60 31 dire,
3339 5316 25 21 et
3387 5321 48 16 son

2906 5336 73 25 chant
2990 5339 135 24 musulman
3138 5340 82 25 venait
3232 5341 30 24 de
3275 5342 33 24 lui
3322 5343 110 25 conférer

2907 5375 47 17 une
2974 5369 104 25 autorité
3096 5371 55 24 bien
3170 5371 139 27 inattendue
3327 5375 55 29 près
3403 5375 29 24 de

2906 5407 39 16 ces
2957 5401 91 24 roumis
3060 5402 107 25 curieux.

2938 5431 98 25 Comme
3049 5440 32 17 on
3094 5435 90 29 passait
3198 5435 15 24 à
3225 5436 25 24 la
3264 5437 58 24 salle
3334 5437 16 24 à
3363 5445 56 18 man-

2906 5471 45 22 ger
2968 5471 61 22 pour
3047 5465 104 29 prendre
3171 5466 31 25 du
3221 5467 75 25 tilleul
3315 5474 74 21 avant
3408 5470 24 24 le

2906 5495 111 29 coucher,
3042 5496 100 30 Olivier,
3166 5502 67 21 entre
3257 5499 63 25 deux
3343 5505 87 26 portes,

2906 5526 139 31 s'approcha
3064 5528 141 26 doucement
3222 5531 76 26 d'elle.

2935 5571 32 6 —
2983 5558 70 26 Vous
3070 5567 61 18 nous
3150 5569 60 17 avez
3227 5563 122 31 beaucoup
3369 5565 50 26 inté-

2907 5590 86 29 ressés,
3017 5593 201 25 murmura-t-il...
3243 5594 105 26 Comme
3369 5604 64 17 vous

2905 5621 52 25 êtes
2975 5622 166 30 intelligente!

2935 5652 53 27 Elle
3001 5654 123 26 tressaillit
3136 5655 15 26 i
3163 5660 63 22 eette
3238 5659 88 29 parole,
3339 5659 25 25 la
3374 5667 54 23 pre¬

3460 4807 74 24 mière
3554 4809 56 29 qu'il
3630 4809 35 24 lui
3685 4810 119 25 adressait
3824 4811 166 32 directement,

3461 4843 62 20 cette
3547 4841 89 28 parole,
3659 4841 25 24 la
3708 4842 76 24 même
3807 4843 107 29 qu'avait
3938 4844 51 25 dit»

3462 4870 106 31 Georges
3584 4872 60 25 dans
3658 4873 23 24 le
3696 4878 84 26 temps.

3493 4903 64 24 Mais
3574 4911 43 17 son
3633 4904 74 30 jeune
3723 4906 84 24 cousin
3822 4907 109 30 n'ajouta
3945 4915 45 23 pas

3459 4940 93 19 comme
3565 4934 65 31 jadis
3645 4937 23 24 le
3682 4944 88 23 rageur
3785 4937 106 32 Georges
3910 4939 79 30 «Quel

3459 4965 157 31 dommage!»
3633 4968 58 25 Plus
3707 4975 140 20 suavement
3862 4978 95 23 encore,
3971 4971 18 26 il

3462 4998 75 29 reprit
3543 5006 6 16 :

3491 5039 31 8 —
3533 5028 33 27 Et
3578 5038 61 18 vous
3651 5032 50 25 êtes
3713 5033 20 24 si
3744 5033 69 28 belle,
3826 5034 65 25 aussi
3898 5034 31 27 L.

3492 5061 104 25 Alfreda
3614 5063 23 24 le
3654 5064 126 24 considéra
3797 5065 29 25 de
3844 5066 64 24 deux
3924 5074 66 23 yeux

3460 5093 110 25 atterrés.
3594 5094 21 24 Il
3639 5102 31 17 ne
3693 5096 56 24 riait
3771 5104 51 22 pas.
3846 5093 151 35 Qu'avait-il'

3460 5125 73 23 voulu
3548 5125 91 25 dire?...

3493 5156 72 30 Déjà,
3589 5157 23 24 le
3634 5157 75 31 jeune
3731 5159 97 26 homme
3852 5161 136 31 s'éloignait

3461 5187 75 29 d'elle,
3555 5193 74 25 ayant
3647 5189 36 25 dit
3699 5190 58 25 cela.
3777 5190 39 30 Et,
3833 5199 93 18 comme
3944 5194 46 24 elle

3459 5218 78 25 s'était
3552 5221 76 23 assise
3644 5229 42 16 sur
3700 5229 48 17 une
3764 5223 88 30 chaise,
3868 5227 14 21 à
3898 5225 91 29 l'écart,

3459 5250 77 30 parmi
3552 5252 23 23 le
3592 5253 131 29 brouhaha,
3741 5254 24 24 la
3781 5254 59 26 voix
3856 5255 30 25 de
3903 5256 87 26 l'oncle

3459 5282 77 24 Antin
3552 5284 76 29 parla,
3644 5288 66 21 toute
3725 5286 101 29 proche:

3488 5326 32 7 —
3533 5314 61 30 Quel
3609 5315 45 29 joli
3668 5316 56 30 pied
3737 5325 61 17 vous
3811 5320 98 25 avez!...

3487 5345 23 24 Il
3530 5347 128 29 continua,
3678 5348 63 27 dans
3762 5356 39 18 un.
3817 5350 52 26 bon
3890 5352 49 25 rire
3958 5352 32 26 de

3457 5376 97 29 plaisir:

3489 5421 32 5 —
3536 5408 69 25 Vous
3621 5417 60 17 avez
3698 5414 52 22 tout
3767 5413 62 31 bien,
3845 5414 145 29 d'ailleurs».

3459 5438 31 26 Et
3503 5441 66 29 quels
3580 5449 66 22 yeux
3653 5442 30 25 U..

3492 5471 131 26 Vivement
3647 5474 46 24 elle
3717 5476 68 24 avait
3808 5478 116 25 renfoncé
3949 5487 39 18 set

3459 5503 67 29 pieds
3544 5511 57 18 sous
3619 5505 24 24 la
3661 5506 87 29 chaise,
3768 5508 79 25 baissé
3863 5510 36 24 les
3916 5518 72 23 yeux.

3458 5533 31 25 Et
3511 5542 91 18 comme
3621 5537 86 25 l'onde
3727 5539 77 24 Antin
3825 5542 112 27 tournait
3952 5543 37 27 le»

3458 5566 86 29 talons,
3559 5583 5 10 :
3563 5568 46 24 el!e
3628 5576 27 17 se
3673 5570 75 24 tordit
3768 5571 35 24 les
3823 5573 78 24 mains
3920 5574 56 26 d'an-

3456 5598 81 29 goisse
3552 5599 61 25 dans
3628 5608 44 17 son
3687 5602 63 28 coin,
3767 5610 72 22 parce
3854 5605 86 30 qu'elle
3955 5615 33 17 ne

3455 5631 128 28 parvenait
3595 5639 44 23 pas
3654 5632 15 25 à
3683 5635 156 31 comprendre
3854 5644 28 17 ce
3897 5638 41 30 qui
3952 5639 36 26 lui

3457 5661 109 30 arrivait.
3830 5670 28 27 (£
3872 5673 90 29 suivre.),

3733 5712 7 12 -.
3748 5712 19 6 -.-
3846 5714 8 4 -
3955 5706 17 15 *
3981 5704 25 17 -H
