3935 5587
1695 132 131 22 ■NATION
1842 128 107 23 BELGE,
1965 128 12 20 3
1991 129 172 21 DECEMBRE
2179 126 63 22 193'!

102 216 71 45 CHEZ
187 211 50 40 LES
251 204 325 43 SAPEURS-POMPIERS

225 268 31 36 de
272 262 156 39 Molenbeek

85 364 10 20 P
97 375 9 15 n
123 357 107 32 fhcnneur
247 349 27 30 du
293 345 156 32 commandant
470 344 117 30 honoraire

261 395 125 31 Vannerom

106 456 7 15 ,
121 459 11 6 -
155 452 63 18 corps
240 444 41 19 des
306 440 224 24 sapeurs-pompiers
555 438 29 19 de

86 473 118 23 Mnl-nbeeU
218 476 14 13 a
244 468 35 20 été
293 471 29 15 en
335 465 48 20 fête
398 465 124 19 dimanche
537 469 48 13 ma-

94 508 5 3 -
127 503 21 17 et
165 504 14 14 a
194 494 35 21 été
245 492 71 21 réuni,
333 490 61 19 ainsi
412 494 44 18 que
475 489 28 19 de
521 494 64 13 nom-

85 510 59 36 Llius
158 522 88 21 anciens
261 518 29 18 du
305 520 73 18 corps,
394 520 29 14 en
438 519 46 14 une
499 513 84 20 séance

138 549 49 21 s'est
210 541 103 23 déroulée
335 541 58 18 dans
417 540 20 18 le
461 544 72 18 preau
556 539 28 19 de

85 560 65 38 *Tco\e
170 567 139 25 communale
331 563 97 21 numéro
450 565 19 20 T,
492 568 42 15 rue
556 563 28 20 de

108 626 77 19 autour
213 619 29 18 du
272 616 161 22 bourgmestre
466 613 117 20 Mettewie

105 643 58 25 "nient
177 645 45 23 pris
237 642 63 25 pl:'-ce
315 645 31 14 au
362 640 89 18 bureau
468 639 33 18 les
518 638 65 20 éche-

89 679 37 16 .-ns
140 673 91 20 Mesens.
248 667 86 18 Elbers.
350 664 118 23 Heyman;
486 664 30 18 M.
532 664 52 18 Eie-

84 700 63 20 huvcfc
171 696 111 18 directeur
299 688 94 25 général
413 693 30 14 au
462 688 121 20 ministère

85 729 11 15 H
128 725 6 18 1
142 720 112 22 Intérieur,
277 716 20 17 le
323 714 76 22 major
423 713 52 19 Van
499 714 87 19 Mosse-

96 751 41 18 p'dc
151 750 20 16 et
178 734 27 30 "le
220 740 114 25 capitaine
350 738 104 20 Morand,
470 739 31 18 du
515 743 68 19 corps

84 759 28 30 Y,'
124 770 117 21 Rruxel.es;
260 766 19 18 le
298 765 128 18 lieutenant
444 763 89 23 Dauby.
551 769 35 13 se-

94 798 73 22 r-tatre
198 791 90 25 général
323 789 28 18 de
385 789 23 18 la
442 788 141 19 Fédération

104 824 52 18 raie'
173 821 18 17 le
208 814 162 22 commandant
386 814 197 21 Vandermeeren,

84 832 152 37 ^Anderlecht;
253 841 32 18 les
302 837 108 24 délégués
425 839 28 18 de
468 839 116 23 plusieurs

108 879 34 12 rns
158 875 27 14 au
203 871 60 19 pavs,
280 865 32 19 les
332 863 133 20 conseillers
484 868 102 14 commu-

84 908 11 13 0
105 924 42 19 Une
164 915 108 28 première
292 912 131 20 cérémonie
442 919 26 14 se
488 913 95 19 déroula

83 951 12 18 à
112 944 109 23 l'occasion
243 939 27 20 de
292 939 21 17 la
335 938 131 23 prestation
488 938 28 19 de
537 943 48 14 ser-

83 973 53 20 inent
153 970 26 18 du
194 964 191 21 sous-lieutenant
401 963 35 18 De
454 963 83 19 Gunst.
556 963 27 19 de

84 1002 17 14 i-,
124 991 181 25 reconnaissance
331 988 27 18 de
386 987 60 19 deux
471 988 113 20 officiers.

85 1025 19 13 vi
129 1010 66 29 Ô-car
216 1016 120 18 Goossens.
360 1017 83 19 promu
467 1017 118 14 comman-

85 1037 46 31 (..*'nt
146 1045 27 18 du
189 1045 70 18 corps,
275 1040 23 17 et
315 1038 31 19 V.
363 1038 151 20 Mombaerts.
533 1042 42 19 pro-

84 1077 32 14 mu
128 1067 106 25 capitaine
249 1063 96 22 adjoint.

105 1098 26 18 Le
143 1091 150 21 bour-zmestre
307 1088 71 22 r.yant
393 1086 98 24 procédé
505 1086 15 20 à
534 1088 51 18 leur

88 1128 19 12 Tp
110 1127 8 5 ,
120 1124 46 15 l?ri!i;
165 1117 101 18 îi.--:*nncP,
286 1112 33 18 dit
345 1116 27 14 ce
399 1117 44 17 que
471 1112 20 18 le
518 1116 68 18 corps

91 1132 26 33 l'-s
136 1137 212 28 snpeur=-pompiers
371 1141 156 14 communaux
549 1141 36 14 ar-

85 1156 40 34 '*iU
138 1171 19 16 et
171 1167 20 19 la
204 1167 119 16 commune
337 1161 148 19 attendaient
500 1162 31 18 du
547 1160 28 20 dé-

86 1194 104 21 vouement
212 1193 22 14 et
257 1188 30 18 du
309 1185 84 21 métier
416 1186 41 19 des
480 1186 67 19 chefs
570 1185 15 20 à

85 1221 103 19 rimnneur
201 1220 24 12 co
239 1213 59 22 jour.

107 1246 25 17 Le
152 1243 99 17 nouveau
274 1236 166 19 commandant
463 1236 85 23 promit
570 1241 15 13 a

87 1267 106 23 lï-dminist
196 1264 72 18 ration
287 1261 145 19 communale
451 1262 19 17 le
489 1260 87 19 dévoue-

86 1282 52 33 ment
156 1289 75 20 absolu
251 1288 27 17 de
298 1292 37 13 .-.es
355 1286 138 18 camarades
513 1287 23 17 et
557 1286 28 18 de

86 1325 20 14 se
107 1325 8 9 =
128 1318 99 19 hommes.

107 1344 41 18 Une
162 1336 170 23 manifestation
350 1336 27 18 de
395 1336 132 22 sympathie
545 1335 41 20 eut

87 1370 41 18 lieu,
140 1364 88 20 ensuite,
243 1366 28 14 en
286 1361 122 18 l'honneur
421 1360 31 19 du
467 1365 108 14 comman-

87 1384 46 29 dant
148 1390 125 19 Vannerom
291 1386 46 22 qui.
355 1385 84 19 atteint
458 1390 43 18 par
520 1386 23 18 la
561 1386 25 18 lî—

87 1425 17 13 m
107 1419 25 17 iie
146 1413 66 23 d'âge,
228 1412 62 18 vient
305 1411 113 18 d'obtenir
433 1410 152 19 l'honorariat

87 1444 22 19 de
123 1445 34 15 son
172 1437 75 24 grade.

109 1467 23 18 M.
148 1462 108 20 Mettewie
276 1460 73 19 rendit
370 1460 125 21 hommage
514 1459 15 20 à
548 1465 37 14 ses

88 1488 81 27 qualités
181 1488 26 18 de
221 1486 58 20 chef,
295 1485 88 23 évoqua
399 1485 32 19 les
446 1484 96 20 mérites
557 1485 28 19 de

93 1524 18 12 -**!
122 1517 73 17 longue
208 1510 98 20 carrière
320 1513 23 16 et
358 1510 32 18 lui
408 1510 68 19 remit
491 1515 30 14 un
536 1514 42 14 sou-

89 1541 51 20 venir
153 1542 26 14 au
195 1541 51 14 nom
264 1535 27 18 de
307 1536 23 17 la
346 1539 129 14 commune.

112 1565 24 19 M.
155 1561 118 22 Bicbuyck.
298 1561 19 17 le
342 1559 167 19 commandant
534 1560 18 18 V
570 1565 15 13 n

92 1587 124 23 yos=eve!de,
235 1586 20 19 le
273 1585 128 18 lieutenant
421 1584 84 23 Dauby
525 1585 51 18 exal-

93 1616 56 19 tèrent
165 1611 124 20 également
309 1610 32 18 les
358 1608 101 24 qualités
480 1609 31 19 du
531 1609 55 19 chef

93 1642 21 18 de
123 1642 61 18 corps.

111 1662 77 21 Celui-ci
204 1660 110 19 remercia
331 1664 55 14 avec
404 1659 101 18 émotion
523 1661 24 17 et
563 1660 21 17 la

90 1687 106 22 cérémonie
209 1690 23 13 se
248 1684 105 21 termina,
366 1684 85 18 devant
465 1683 77 20 l'école
557 1684 28 19 de

90 1713 66 20 dessin,
169 1716 39 18 par
224 1714 29 14 un
270 1707 68 21 défilé
355 1708 147 23 impeccable.

109 1738 40 18 Une
173 1734 113 23 réception
312 1733 15 19 à
354 1734 107 18 l'arsenal
488 1734 97 23 acheva,

89 1763 46 18 dan?
145 1765 39 14 une
198 1757 144 25 atmosphère
356 1758 28 18 de
398 1758 128 21 cordialité,
539 1760 37 18 cet-

90 1792 17 14 te
118 1784 87 21 matinée
218 1784 27 19 de
258 1783 52 19 fête.

134 1853 30 29 M.
182 1850 121 31 Salvador
324 1850 31 30 de
375 1850 154 37 Madariaga

200 1904 31 19 aa
246 1893 28 28 P.
293 1892 26 29 E.
337 1892 30 29 N.
387 1890 65 30 Club

112 1965 120 20 Dimanche,
250 1963 56 18 dans
325 1968 30 14 un
374 1962 62 20 hôtel
454 1964 30 18 du
501 1963 85 19 centre,

91 1999 11 13 a
111 1996 24 13 eu
144 1990 41 19 lieu
194 1990 19 17 le
224 1988 108 22 déjeuner
343 1987 72 20 offert
427 1992 43 19 par
480 1989 33 18 les
525 1989 25 18 P.
563 1988 23 23 E,

91 2016 23 19 X.
127 2015 57 19 clubs
199 2014 99 21 français
314 2015 22 16 et
353 2012 104 20 flamand
473 2017 28 14 en
519 2013 66 18 Thon-

92 2044 47 16 neur
158 2039 25 18 de
205 2037 112 21 récrivain
341 2037 111 22 espagnol
474 2037 101 19 Salvado

92 2070 23 14 ce
130 2064 130 22 Mac_ri3ga.

112 2090 26 18 Le
153 2088 61 19 héros
231 2088 26 18 de
274 2089 59 17 cette
352 2087 71 22 petite
441 2086 47 20 fête
507 2087 81 19 intime

92 2114 46 19 était
157 2112 91 20 encadré
269 2113 27 18 de
319 2112 55 18 MM.
398 2111 69 19 Louis
491 2111 97 20 Piérard

92 2143 17 14 et
123 2138 109 19 Toussaint
249 2137 49 18 Van
316 2136 116 19 Boelaere.
451 2135 138 24 présidents,

92 2164 17 18 le
123 2162 93 24 premier,
233 2162 27 18 de
277 2161 22 19 la
316 2161 88 19 section
425 2161 124 23 française,
568 2161 21 19 le

92 2187 72 20 second
182 2188 27 18 de
226 2188 21 18 la
267 2185 87 19 section
375 2185 118 19 flamande
513 2185 30 19 du
565 2187 24 18 P.

93 2214 21 18 E.
129 2213 24 19 N.
170 2212 60 19 Club:
250 2212 21 17 S.
289 2211 25 21 E.
333 2205 98 27 Âguirre
449 2210 29 19 de
496 2210 93 22 Carcer,

93 2236 160 19 ."ambosssrif-ur
273 2235 140 23 d'Espagne;
437 2236 55 18 MM.
514 2235 75 19 Emile

92 2261 145 20 Yandervc.de,
260 2260 104 19 ministre
387 2259 89 21 dElat;
500 2260 34 19 les
555 2259 25 20 sé-

92 2290 81 15 nateurs
187 2285 127 23 Vermeyien
328 2287 23 16 et
365 2285 96 22 Speyer;
477 2285 21 18 le
512 2290 13 14 c
541 2289 48 14 m-e

93 2311 61 18 Henri
180 2310 121 22 Davignon.
330 2309 28 19 de
390 2308 140 20 l'Académie
559 2309 30 19 de

93 2337 79 18 Langue
184 2339 21 14 et
217 2336 26 18 de
256 2332 140 22 Littérature
412 2334 127 22 française;
556 2334 33 19 les

93 2361 125 22 professeurs
236 2359 97 20 Thomas
351 2361 24 16 et
392 2359 28 18 de
440 2359 66 19 Rcul.

115 2386 17 18 A
146 2385 78 18 l'heure
242 2384 38 19 des
300 2385 74 18 toasts
401 2383 29 19 M.
450 2383 70 20 Louis
539 2382 43 21 Pié-

94 2409 45 19 rard
151 2409 79 23 évoque
245 2413 19 14 .e
279 2409 109 18 souvenir
406 2408 28 19 de
450 2408 139 19 l'authoress

96 2435 49 18 Mme
161 2434 171 18 Dawson-Scott.
353 2433 130 19 fondatrice
503 2433 41 19 des
565 2434 24 18 P.

96 2459 22 18 E.
132 2459 24 22 N.
175 2458 71 22 Clubs,
266 2457 95 20 décêclée
385 2458 15 17 il
422 2463 14 18 y
458 2464 13 13 a
495 2462 44 18 peu
560 2458 29 18 de

98 2483 50 18 moi;.
162 2484 18 18 Il
197 2483 40 18 fait
253 2487 114 14 acc.amer
384 2482 22 19 le
424 2487 54 14 nom
496 2483 28 18 de
546 2483 34 18 Ro-

98 2508 38 18 bert
148 2508 78 19 Vivier,
239 2507 98 18 membre
352 2507 30 18 d-;
398 2507 24 20 P.
440 2506 25 21 E.
480 2507 29 19 N.
524 2507 65 19 Club.

99 2531 72 20 I.-jr-iat
189 2533 28 18 du
236 2532 47 22 prix
302 2532 87 19 Albert.
409 2532 63 21 Puis,
493 2531 97 20 s'adre*s-

97 2558 42 17 sjnt
155 2557 14 19 à
186 2557 27 18 M.
230 2557 26 18 de
277 2556 141 23 Madariaga.
439 2558 15 20 il
474 2557 65 19 salue
561 2561 28 14 en

96 2581 31 20 lui.
138 2586 42 13 non
193 2582 46 23 pius
251 2581 93 19 l'ancien
360 2581 108 19 ministre
482 2580 28 20 de
526 2581 54 19 l'Ins-

96 2607 88 17 truction
204 2606 104 23 publique,
330 2608 22 17 ni
376 2606 20 18 le
419 2605 121 24 président
562 2606 28 18 de

95 2631 18 18 h
130 2631 21 18 S.
168 2631 25 21 D.
211 2631 31 20 N.,
260 2632 54 18 mais
336 2630 124 22 l'écrivain,
481 2631 21 19 le
523 2630 66 23 poète

96 2658 19 15 et
137 2656 19 17 le
175 2655 93 22 critique.
287 2656 42 18 Car
352 2655 124 23 l'Espagne
499 2657 36 17 est
558 2659 31 15 un

96 2684 50 18 pays
161 2690 4 5 .
173 2678 20 21 ù.
205 2680 169 18 contrairement
388 2680 15 19 à
420 2680 101 21 d'autres
538 2680 51 23 pius

98 2703 94 20 attachés
206 2704 13 18 à
230 2704 21 19 la
263 2705 66 18 bonne
346 2709 72 18 soupe
433 2705 31 19 du
480 2705 101 19 bonhom-

97 2733 34 13 me
150 2728 103 23 Chrysale.
273 2730 20 18 la
312 2729 130 20 littérature
467 2731 57 18 n'est
548 2735 41 18 pas

100 2756 40 14 ur.e
154 2756 61 14 tare..
229 2753 31 18 En
273 2754 105 23 quelques
394 2755 97 22 phrases
507 2756 83 18 neUes,

101 2776 95 19 l'orateur
206 2777 117 22 syr.-.fcôt.'se
339 2779 20 18 le
375 2779 73 18 talent
464 2782 23 16 et
503 2779 20 18 la
541 2782 41 19 por-

99 2800 31 18 tée
143 2801 25 17 de
182 2802 25 18 l'a
215 2806 49 13 -jvre
282 2803 27 18 de
326 2803 69 19 '.'hôte
412 2802 103 21 éminent
532 2805 23 17 et
574 2803 15 18 il

95 2823 42 19 .'ère
150 2829 36 13 son
204 2830 60 14 verre
282 2832 28 13 en
329 2828 121 18 l'honneur
467 2827 29 20 de
513 2828 30 19 M.
562 2829 28 18 de

92 2848 118 24 .Madariaga
228 2853 22 16 et
269 2850 14 19 à
302 2851 131 24 l'Espagne.

114 2873 25 18 M.
153 2873 116 20 Toussaint
287 2880 45 13 van
351 2870 109 24 feoe.aerc
477 2876 33 19 dit
526 2876 65 18 avoir

91 2896 30 20 été
134 2901 83 15 surtout
238 2898 81 23 frappé
338 2905 42 17 pr.r
397 2902 61 16 cette
475 2902 108 17 constata-

90 2922 40 18 tion
144 2922 23 18 de
184 2923 30 18 M.
231 2924 28 17 de
277 2924 22 17 M
302 2928 12 13 a
317 2923 28 18 di
348 2923 34 18 rip.
385 2928 34 14 sa.
437 2928 44 17 que
498 2924 33 20 les
549 2924 42 18 lois

91 2948 130 17 nvcmîoucs
240 2948 27 18 de
285 2948 22 18 la
326 2947 83 23 langue
428 2947 114 22 Kgijscnt
560 2949 33 18 les

90 2970 35 19 lois
140 2972 132 22 psychiques
292 2972 27 17 de
341 2972 21 18 la
383 2976 59 16 race.
463 2972 18 18 Ii
501 2974 91 16 montre

90 2995 26 20 le;
130 2996 99 19 affinités
246 2996 39 22 qui
304 2996 99 18 existent
419 2998 66 16 entre
501 2996 22 20 la
540 3000 53 14 race

92 3021 106 22 e=pagn;ie
222 3023 22 17 et
268 3021 21 18 la
314 3025 53 14 race
391 3020 119 19 flamande
533 3024 22 16 et
579 3020 14 19 i!

91 3045 61 18 ermite
168 3045 93 19 l'amitié
281 3047 66 17 entre
366 3045 126 19 Flamands
511 3048 22 15 et
552 3045 32 19 Es-

90 3070 88 22 pagnols.

112 3093 25 19 Le
153 3095 130 23 professeur
303 3095 102 18 Thomas
425 3098 117 19 prononce
563 3098 30 14 un

91 3119 50 19 teast
156 3125 27 13 au
198 3124 54 14 nom
270 3120 28 18 de
316 3119 160 19 l'As~oci?tion
494 3120 91 19 Cervan-

91 3144 33 16 tes.
142 3144 50 19 Puis
212 3145 22 18 la
254 3144 79 22 parole
354 3144 35 18 est
410 3144 14 18 â
446 3144 29 18 M.
497 3143 28 19 de
547 3144 37 18 Ma-

91 3166 86 25 dariaga.

113 3192 28 19 L'n
158 3198 97 13 .■■scours
273 3193 38 22 qui
331 3193 36 18 fut
385 3198 30 14 un
433 3191 69 24 régal.
520 3192 35 19 Où
574 3192 19 18 le

91 3217 32 18 ton
141 3217 18 18 le
179 3218 48 22 plus
250 3218 100 19 familier
371 3217 73 19 s'allia
465 3223 44 14 aux
532 3216 61 19 idées

92 3240 25 20 le?
133 3242 44 22 plus
197 3243 88 21 hautes.
305 3243 34 17 De
358 3243 77 18 toutes
455 3242 32 20 les
506 3243 86 18 vertus,

92 3265 26 18 ce]
120 3265 4 9 1
121 3270 16 14 .?
149 3268 34 21 qui
198 3272 23 14 se
235 3267 69 18 laisse
319 3267 59 18 faire
392 3266 102 19 violence
508 3267 21 18 le
543 3266 50 23 plu,<

92 3289 115 20 facilement
237 3293 35 17 est
301 3292 21 17 la
352 3290 119 20 modestie.
493 3291 28 19 Je
543 3291 50 18 dois

92 3314 120 20 ■n'habituer
240 3316 14 18 à
285 3317 51 17 tous
367 3318 32 17 les
431 3320 12 13 c
459 3315 134 23 mpliments

93 3339 54 19 o'-'on
165 3345 34 14 me
219 3341 49 20 fait,
289 3342 33 18 dit
342 3340 117 19 l'orateur.
481 3339 113 20 Etudiant

93 3362 11 19 à
115 3364 63 23 Paris,
192 3365 38 23 j'ai
245 3365 79 23 appris
338 3365 15 19 à
367 3364 122 20 connaître
504 3364 90 19 R.nden-

165 3390 47 22 puls
237 3389 153 20 Maeterlinck
421 3389 51 23 puis
495 3389 99 19 Verhae-

638 206 58 50 Les
731 212 157 47 concerts
912 208 17 51 à
960 210 173 50 Bruxelles

721 316 160 21 CONCERTS
897 319 132 20 DEFATJW

641 348 31 20 M.
694 348 99 19 Defauw
813 355 16 14 a
851 350 79 21 offert,
951 356 46 14 aux
1017 351 119 19 auditeurs

615 372 27 19 de
671 377 43 14 son
742 373 121 20 deuxième
892 378 95 16 concert
1015 376 113 18 d'abonne-

615 400 70 18 ment,
705 399 22 18 la
744 399 104 22 primeur
867 399 53 20 d'un
937 400 123 19 violoniste
1076 405 51 14 com-

615 426 37 15 me
670 427 31 14 on
721 427 28 15 en
771 425 86 18 entend
877 425 125 21 rarement,
1023 426 30 18 M.
1075 425 62 19 Vasa

615 447 108 21 Prihoda.
745 448 40 23 qui
807 449 60 22 joint
888 454 45 15 aux
955 450 58 19 dons
1036 450 29 18 de
1086 450 42 19 l'ar-

614 473 55 18 tiste
690 472 108 21 créateur
818 474 29 18 de
866 473 91 23 beauté,
974 475 24 19 la
1019 474 50 23 plus
1088 476 39 17 stu-

614 496 104 23 péfiante
741 498 124 23 technique
887 499 69 23 qu'on
980 499 76 23 puisse
1081 499 45 18 ima-

613 522 73 22 giner.
710 522 36 19 On
770 528 14 14 a
807 522 93 25 évoqué,
926 523 108 23 parait-il,
1056 524 15 19 à
1093 527 42 14 son

613 547 62 22 sujet
689 547 21 18 le
727 548 74 22 grand
817 553 53 14 nom
885 548 28 19 de
929 548 121 23 Paganini.
1066 548 19 19 Il
1099 549 37 17 est

613 576 31 14 un
666 572 51 21 fait,
738 572 57 20 c'est
815 572 55 24 qu'il
892 573 87 19 semble
1002 572 133 23 impossible

612 600 45 19 que
678 597 115 22 Paganini
811 597 34 19 ait
865 602 30 19 pu
913 598 66 22 jouer
998 598 76 19 mieux
1091 601 43 14 son
1143 616 3 9 (

609 620 115 20 Concerto
741 626 29 15 en
788 627 24 14 rc
829 623 91 22 majuer
936 627 44 18 que
995 627 29 14 ne
1041 622 29 19 l'a
1087 622 45 19 fait
1143 631 4 10 i

613 646 29 22 M.
661 647 108 20 Prihoda,
786 647 39 23 qui
843 648 116 22 triomphe
977 646 39 21 des
1033 647 102 18 difficul-
1143 664 3 3 .

612 670 35 20 tés
662 675 44 19 que
721 672 20 18 le
755 673 158 21 compositeur
924 678 15 18 y
955 677 14 13 a
982 670 152 22 accumulées,

612 700 57 15 avec
692 701 45 14 une
759 697 94 19 aisance
874 697 39 22 qui
935 697 64 18 force
1020 696 105 19 l'admira-

613 721 55 18 tion.
693 721 76 19 Même
793 721 186 19 transcendance
1004 721 130 23 technique,

610 745 59 19 dans
696 745 145 20 l'exécution"
860 746 30 18 du
915 746 114 18 Concerto
1055 751 28 13 en
1110 747 21 17 la

610 771 98 22 majeur,
723 771 28 18 de
768 771 95 20 Mozart,
881 771 59 18 mais
956 776 63 16 avec,
1035 776 28 14 en
1081 772 51 22 plus

612 795 28 19 de
655 796 21 20 la
693 796 104 19 maîtrise
813 797 29 18 du
857 800 49 15 son,
923 795 56 19 celle
993 797 28 18 de
1036 796 22 19 la
1073 796 61 22 ligne

613 819 129 24 mélodique
759 823 23 17 et
798 820 28 19 de
842 820 155 22 l'expression.
1013 820 36 19 On
1065 825 14 14 a
1096 825 30 18 ap-

612 845 79 22 plaudi
715 846 30 18 M.
768 845 63 19 Vasa
853 844 102 19 Prihoda
985 849 91 14 comme
1104 849 30 14 on

613 869 120 23 applaudit
752 870 32 18 les
803 869 50 24 plus
870 868 87 24 grands
976 869 114 19 virtuoses
1106 869 28 18 de

613 894 103 19 l'archet.

638 926 33 18 La
690 925 74 23 partie
781 925 169 22 symphonique
967 926 31 18 du
1017 929 108 19 program-

609 954 37 15 me
659 955 25 14 se
696 949 130 23 composait
839 950 28 18 de
881 950 22 18 la
916 950 142 22 Symphonie
1073 950 50 18 Rhé-

609 979 68 16 nane,
696 975 27 19 de
743 975 142 20 Schumann,
906 975 112 21 rutilante
1037 975 94 23 fresque

609 1004 83 14 sonore
708 999 14 18 à
740 999 23 19 la
780 999 61 23 ligne
860 1000 101 18 massive
978 1000 59 18 maL
1057 1000 75 23 pleine

609 1024 27 18 de
657 1023 83 23 gaieté,
763 1024 30 18 du
814 1024 114 19 Concerto
950 1025 86 18 Grosso
1056 1030 29 14 en
1108 1024 23 19 ré

609 1049 97 20 mineur,
725 1049 28 18 de
771 1049 111 19 Hae.'.del,
901 1050 61 22 plein
982 1050 150 23 u'agrement,

608 1076 22 17 et
649 1074 28 19 de
697 1074 139 18 l'ouverture
854 1074 121 20 d'Oocrou.
994 1075 28 18 de
1041 1075 90 18 Weller.

614 1099 29 17 Le
664 1100 51 17 tout
737 1097 126 24 interprété
884 1101 23 17 et
927 1099 79 19 enlevé
1027 1104 56 15 avec
1104 1105 30 14 un

613 1123 49 18 brio
681 1123 184 21 communicatif.
1020 1125 41 18 Ph.
1079 1125 30 18 M.

2620 207 128 31 HEURES

2665 256 42 29 DU

2632 302 106 32 MATIN

715 1162 40 19 AU
774 1161 260 21 CONSERVATOIRE

638 1192 173 19 L'Association
830 1193 40 20 des
887 1193 101 19 Anciens
1005 1193 83 20 Elèves
1105 1193 30 18 du

614 1217 178 19 Conservatoire
817 1217 28 18 de
871 1218 126 22 Bruxelles,
1021 1222 55 15 sous
1102 1218 33 18 les

612 1242 107 23 auspices
737 1243 27 18 de
783 1242 98 22 laquelle
899 1241 106 20 s'étaient
1023 1242 112 23 produits.

613 1266 14 18 il
645 1272 16 18 y
679 1273 13 13 a
710 1267 110 23 quelques
839 1267 124 24 semaines,
982 1267 40 19 des
1039 1267 95 19 artistes

613 1291 28 18 de
667 1293 22 17 la
714 1302 9 6 ..
732 1291 118 21 Guildhall
876 1292 83 19 School
985 1293 25 18 of
1034 1292 74 18 Music
1116 1297 18 15 »,

613 1316 28 18 de
661 1316 110 20 Londres,
789 1321 14 14 a
825 1316 43 18 fait
887 1316 119 23 entendre,
1025 1316 110 19 vendredi

611 1341 56 21 soir,
692 1346 31 14 un
745 1345 87 18 groupe
857 1341 27 18 de
908 1341 81 22 jeunes
1014 1342 120 19 virtuoses,

614 1364 103 20 lauréats
740 1364 90 20 récents
853 1366 31 18 du
907 1365 178 19 Conservatoire
1107 1366 28 19 de

614 1390 66 19 Paris
692 1395 5 13 :
717 1390 61 18 Mme
796 1390 181 20 Turba-Rabier,
994 1390 139 18 cantatrice-

614 1414 66 19 Miles
711 1413 178 20 Renée-France
920 1415 117 20 Froment,
1067 1415 60 18 violo-

614 1439 66 18 niste,
698 1441 23 16 et
740 1439 24 18 L.
782 1438 148 21 Wacksman,
948 1440 109 22 pianiste:
1081 1439 54 18 MM.

614 1464 24 18 B.
657 1463 115 20 Michelin,
791 1463 173 22 violoncelliste,
981 1465 23 18 et
1021 1464 26 18 A.
1063 1464 63 18 Fran-

613 1488 55 23 çois,
686 1486 140 20 hautboïste.

639 1519 38 19 S'il
695 1521 36 16 est
746 1520 41 19 des
804 1524 39 14 cas
861 1519 29 19 où
907 1521 43 18 l'on
969 1521 106 18 constate
1091 1523 44 19 que

621 1551 3 3 ■
634 1544 21 19 la
672 1544 80 19 valeur
769 1543 104 20 n'attend
890 1549 41 19 pas
947 1545 19 17 le
984 1545 96 18 nombre
1095 1544 41 18 des

613 1567 87 20 années
709 1575 17 14 -,
745 1574 30 13 on
794 1570 55 21 peut
866 1568 57 22 dire,
940 1568 74 23 qu'ici,
1033 1570 103 18 l'avance

614 1593 82 23 qu'elle
723 1593 73 23 prend
821 1594 37 19 est
882 1593 167 19 considérable.
1075 1593 61 18 Mme

614 1618 181 20 Turba-Rabier,
816 1618 40 23 qui
878 1624 15 13 a
913 1617 85 20 chanté
1021 1618 23 19 la
1064 1618 73 19 Cava-

610 1643 47 18 tine
672 1642 29 19 de
717 1643 99 18 Barbier
831 1643 28 18 de
874 1642 92 24 Séville,
980 1643 74 20 «Mon
1071 1647 63 15 cœur

609 1668 94 22 soupire
711 1674 19 17 »,
749 1668 40 18 des
809 1668 75 19 Noces
902 1668 28 19 de
950 1668 93 23 Figaro,
1062 1668 72 18 Notre

611 1694 94 18 Amour,
724 1693 28 18 de
772 1692 82 22 Fauré,
872 1695 24 17 et
915 1698 31 13 un
966 1694 36 18 air
1021 1693 114 19 délicieux

614 1718 30 19 ciu
665 1718 52 18 XV"
738 1717 76 22 siècle,
835 1722 29 14 ne
886 1717 96 23 possède
1002 1723 43 17 pas
1064 1718 64 18 seule-

615 1744 63 16 ment
698 1747 44 14 une
761 1742 125 23 technique
906 1742 78 19 vocale
1003 1742 133 23 accomplie,

615 1768 59 18 mais
693 1769 35 17 est
746 1766 73 19 douée
838 1767 28 18 de
884 1767 21 19 la
925 1767 50 22 plus
995 1772 52 14 rare
1066 1767 62 18 sensi-

613 1790 71 23 bilité,
698 1791 83 23 qu'elle
797 1791 135 19 extériorise
946 1796 57 15 avec
1021 1796 45 14 une
1080 1790 47 19 maî-

614 1816 57 18 trise
699 1815 146 19 émouvante.
875 1816 53 18 Mlle
959 1815 178 20 Renée-France

616 1841 117 20 Froment,
750 1842 84 17 nature
853 1840 114 23 vibrante,
984 1842 24 17 et
1024 1845 59 18 pour
1098 1840 39 23 qui

616 1866 19 17 le
655 1865 142 19 maniement
817 1865 28 18 de
864 1865 97 19 l'archet
979 1867 24 17 et
1020 1865 22 18 le
1059 1863 78 25 doigté

616 1890 114 18 semblent
757 1889 89 19 n'avoir
870 1890 51 21 plus
947 1889 28 19 de
998 1891 97 20 secrets,
1123 1894 15 14 a

611 1913 98 20 montré,
730 1914 59 18 dans
812 1913 137 20 l'exécution
969 1914 28 19 de
1017 1915 23 18 la
1059 1915 67 18 Hava-

612 1941 64 17 naise
694 1939 28 19 de
740 1939 151 19 Suint-Saëns
909 1942 24 18 et
949 1944 39 14 ces
1008 1940 81 18 Rondo
1107 1940 28 17 de

614 1965 28 17 de
676 1964 210 20 Mozart-Kreislcr,
919 1964 162 19 d'étonnantes
1113 1964 24 18 et

615 1990 147 22 captivantes
779 1989 101 23 qualités
896 1988 29 19 de
941 1989 59 22 style
1017 1991 24 17 et
1057 1990 29 18 de
1102 1993 36 14 so-

575 2022 25 10 .-.
616 2013 82 20 norité.
723 2014 54 18 Mlle
801 2014 143 18 Wacksman
970 2013 60 22 joint
1053 2014 16 19 â
1092 2017 45 15 une

578 2031 23 22 ri
616 2038 88 20 facilité
725 2038 127 19 étonnante
882 2043 44 13 une
948 2038 111 19 maturité
1078 2038 60 18 dans

615 2064 23 18 la
655 2062 193 24 compréhension
866 2065 23 17 et
908 2067 44 14 une
969 2062 102 20 autorité
1087 2062 51 19 tout

614 2088 65 18 aussi
694 2090 178 20 surprenantes;
890 2087 42 18 elle
950 2090 36 18 n'a
1003 2092 29 14 eu
1047 2091 91 15 aucune

617 2113 66 22 peine
705 2112 14 20 à
742 2117 26 14 se
792 2112 60 19 faire
874 2112 124 23 applaudir
1027 2111 59 20 dans
1116 2112 22 18 la

611 2138 127 18 Deuxième
753 2137 96 18 Ballade
863 2137 28 19 de
905 2137 89 23 Chopin
1008 2139 24 17 et
1046 2137 21 18 la
1081 2136 54 23 jolie

615 2165 23 17 et
659 2162 48 20 très
727 2162 114 23 originale
865 2161 81 19 Ronde
967 2162 121 19 Wallonne
1109 2161 29 18 de

615 2187 22 20 J.
659 2188 99 22 Jongen,
784 2187 30 18 M.
839 2186 110 19 Michelin
974 2186 44 19 fait
1040 2187 100 18 chanter

613 2217 44 14 son
685 2212 142 19 instrument
850 2216 58 14 avec
931 2216 32 15 un
987 2214 40 17 art
1049 2211 88 22 exquis,

617 2241 44 14 une
685 2237 94 18 aisance
803 2237 24 17 et
853 2240 44 14 une
920 2235 79 20 sûreté
1021 2236 40 22 qui
1085 2235 54 20 sont

616 2260 55 24 déjà
693 2261 53 19 d'un
772 2260 94 20 maître:
891 2265 44 13 son
960 2260 81 19 succès
1064 2265 15 14 a
1102 2258 37 20 été

615 2285 48 20 très
680 2284 82 24 grand,
779 2286 59 18 dans
857 2283 194 24 l'interprétation
1069 2285 69 18 d'une

613 2310 111 24 Esquisse
742 2310 28 19 de
791 2309 131 23 Karjinsky
940 2310 24 18 et
983 2309 28 18 de
1031 2309 105 23 VAdagio

612 2338 22 16 ct
652 2336 93 20 Allegro
762 2335 28 18 de
807 2335 144 18 Boccherini.
970 2335 78 20 Enfin,
1064 2334 31 19 M.
1111 2335 26 18 A.

613 2360 112 23 François
744 2366 14 13 a
778 2361 44 17 fait
842 2360 74 18 valoir
934 2359 59 19 dans
1013 2364 44 14 une
1077 2360 50 18 Fan-

612 2386 68 20 taisie
693 2385 165 22 Concertante,
869 2389 67 15 assez
949 2384 187 21 déconcertante,

616 2411 28 18 de
661 2411 102 18 Maurice
780 2410 30 18 Le
828 2410 112 20 Boucher,
956 2414 44 14 une
1015 2409 123 23 technique

616 2434 202 24 supérieurement
838 2433 102 20 assurée.

642 2467 31 18 Le
690 2467 83 23 public,
788 2468 56 17 dont
860 2466 102 19 l'accueil
979 2465 159 20 enthousiaste

616 2496 13 14 a
648 2490 118 20 consacré,
780 2496 57 14 sans
856 2490 110 20 réserves,
982 2491 21 18 le
1019 2490 75 19 talent
1110 2490 29 18 de

616 2521 39 15 ces
680 2516 82 22 jeunes
787 2515 101 21 artistes,
914 2521 14 13 a
954 2514 104 23 emporté
1084 2514 46 20 l'im-

616 2540 104 23 pression
736 2541 68 18 d'une
820 2539 145 20 manifestati
973 2545 23 14 ;n
1013 2539 58 19 d'art
1088 2542 42 19 par-

617 2565 58 19 faite
693 2566 24 19 et
735 2565 69 23 digne
825 2566 31 18 du
875 2564 105 20 meilleur
996 2564 116 18 souvenir.

1026 2589 40 18 Ph.
1082 2588 30 19 M.

94 3416 36 17 len.
141 3414 40 18 J'ai
194 3415 104 22 toujours
313 3420 30 14 vu
359 3414 57 18 dans
431 3420 26 13 sa
473 3415 61 17 mort
548 3416 36 16 tra

94 3437 53 22 gique
165 3439 19 18 le
200 3440 102 22 symbole
321 3440 28 18 de
368 3438 65 20 l'idée
451 3437 84 25 broyée
552 3442 42 19 par

95 3461 16 18 la
127 3464 103 18 machine.
250 3464 28 19 Je
299 3464 51 20 n'en
373 3464 60 18 reste
455 3468 42 18 pas
519 3463 74 18 moins

95 3487 98 21 optimiste
217 3489 57 18 dans
301 3493 25 13 ce
350 3492 54 14 sens
429 3492 44 18 que
498 3487 23 23 je
546 3487 48 18 suis

96 3512 65 19 •"■tonné
183 3513 26 18 de
231 3514 51 18 voir
304 3513 105 19 combien
433 3513 33 18 les
489 3512 104 18 hommes

96 3539 17 13 -e
127 3537 127 20 conduisent
271 3538 59 23 bien,
350 3537 65 19 étant
434 3535 75 20 donné
527 3536 66 24 qu'ils

97 3563 29 15 *<-*•«
128 3562 7 17 t
152 3561 17 19 si
190 3563 111 19 mauvais.

116 3584 103 21 L'orateur
237 3587 94 23 analyse
350 3588 32 19 les
403 3588 106 21 rapports
529 3587 64 17 entre

100 3607 101 22 Flaniarrls
219 3614 21 16 et
261 3611 136 23 Espagnols.
417 3611 86 22 Depuis
522 3611 20 17 le
562 3609 23 19 ré-

102 3631 41 22 gime
161 3635 37 21 des
221 3642 10 12 «
240 3637 136 17 Flamencos
385 3643 18 12 **■.
426 3641 28 13 on
477 3639 117 19 prononce

102 3660 8 13 e
111 3661 10 14 ^
136 3658 97 25 Espagne
258 3666 44 13 non
328 3661 51 22 plus
403 3660 51 19 Don
478 3660 115 22 Quixotte,

100 3684 16 14 m
117 3682 25 20 ais
160 3685 48 19 Don
230 3686 123 22 Quichotte
365 3686 5 18 !
393 3685 44 18 Les
460 3684 59 20 deux
543 3688 52 19 pmi-

99 3705 34 22 P-'e-s
148 3712 46 16 sont
214 3710 38 18 des
272 3710 93 23 peuples
386 3710 27 18 de
435 3708 107 23 peintres.
562 3707 32 20 lia

99 3731 28 18 -"nt
151 3733 61 19 l'âme
239 3734 186 23 contemplative.
453 3734 32 19 Ils
511 3733 83 21 savent

98 3755 70 21 utiliser
190 3760 60 18 leurs
274 3759 82 23 loisirs.
380 3759 51 19 Mas
454 3759 20 18 si
499 3758 96 19 l'avenir

98 3777 20 20 de
131 3781 19 19 la
164 3783 86 19 culture
268 3783 89 23 dépend
377 3783 28 19 de
424 3783 94 23 peuples
537 3786 48 14 sem-

98 3802 74 25 blables,
191 3809 19 17 le
229 3810 73 20 grand
323 3809 89 22 danger
432 3812 58 18 pour
509 3808 22 18 la
549 3807 35 18 cul-

97 3827 39 20 ture
149 3831 58 20 vient
222 3833 39 19 des
277 3833 95 23 peuples
389 3832 107 19 d'action.

117 3858 39 15 ■-ne
168 3857 186 24 caractéristique
368 3858 27 19 de
410 3857 134 22 l'Espagnol
559 3857 36 17 est

97 3879 49 18 aussi
162 3881 49 22 qu'il
228 3882 105 23 s'occupe
352 3882 89 20 d'autre
463 3882 69 18 chose
551 3885 44 18 que

642 2627 145 19 CONCERT
801 2628 42 18 DF
857 2627 38 19 LA
909 2626 202 20 FEDERATION

616 2660 180 19 NATIONALE
810 2660 38 18 ET
861 2659 276 18 INTERNATIONALE

701 2692 58 19 DES
777 2691 274 20 ACCORDEONISTES

640 2733 36 17 Au
697 2732 71 22 profit
787 2733 27 17 de
835 2732 20 17 la
877 2730 160 23 Bibliothèque
1057 2730 69 19 .-liber-

615 2758 55 22 tine,
686 2758 21 17 la
724 2756 141 19 Fédération
882 2756 125 19 Nationale
1023 2758 23 16 et
1063 2755 65 19 Inter-

614 2782 118 21 nationale
752 2782 40 19 des
811 2780 192 20 Accordéonistes
1020 2786 13 14 a
1052 2779 82 20 donné,

616 2808 123 18 dimanche
755 2808 55 20 soir,
829 2807 58 19 dans
906 2811 21 14 *a
943 2807 59 19 salle
1021 2807 27 20 de
1067 2806 58 18 musi-

614 2838 44 18 que
675 2834 27 17 de
719 2833 111 20 chambre
847 2833 30 18 du
895 2832 77 19 Palais
990 2831 39 20 des
1047 2831 88 18 Beaux-

615 2859 62 20 Arts,
697 2863 29 13 un
747 2860 95 17 concert
862 2858 56 18 dont
939 2858 20 17 le
981 2861 154 19 programme,

616 2883 63 20 aussi
699 2883 97 22 copieux
814 2887 43 18 que
877 2881 70 22 varié,
965 2887 14 14 a
999 2882 73 19 offert
1090 2885 46 14 aux

617 2908 120 19 auditeurs
759 2910 52 16 tous
834 2909 32 16 les
887 2912 83 18 genres
992 2905 144 24 d'agrément

618 2933 97 18 musical
736 2932 120 20 désirable.

643 2957 63 18 Pour
728 2958 32 18 le>
785 2958 119 17 amateurs
927 2958 28 17 de
979 2956 105 23 musique
1108 2956 27 19 de

618 2983 28 17 ch
654 2981 81 22 umbre,
756 2987 30 13 un
807 2982 135 22 Offertoire,
968 2985 58 19 peur
1051 2981 76 19 violon-

620 3008 56 18 celle
699 3009 22 17 et
743 3007 112 22 quintuor
875 3007 14 19 à
910 3006 88 22 cordes,
1020 3007 27 18 de
1069 3007 20 19 J.
1111 3007 28 17 de

616 3032 116 20 Crahwcz.
754 3037 44 13 une
825 3032 121 18 Cantilêne
975 3036 59 18 pour
1055 3031 82 21 violon,

618 3057 134 19 violoncelle
780 3059 23 16 et
833 3057 76 22 piano,
932 3058 24 17 et
978 3061 33 13 un
1034 3056 105 22 Quatuor

620 3087 58 18 pour
702 3082 88 19 cordes,
814 3083 27 16 de
867 3081 79 19 Alfred
969 3081 35 19 Go
1006 3081 11 19 f
1016 3080 42 22 fin.
1082 3082 58 18 dans

621 3106 135 19 1'exécuîion
780 3106 106 23 desquels
910 3110 25 14 se
959 3106 71 18 firent
1055 3109 77 14 remar-

620 3135 57 19 quer
701 3131 73 20 Mmes
799 3130 182 21 Hans-Sanglier
1004 3132 21 16 et
1050 3131 90 17 Jeanne

621 3156 78 22 JBuyle,
716 3158 20 16 et
757 3155 29 18 M.
803 3157 25 17 A.
844 3155 88 22 Goffin.
953 3154 60 19 Pour
1029 3154 33 18 les
1078 3159 53 13 ama-

620 3183 64 16 teurs
703 3180 28 18 de
750 3180 77 20 chant,
846 3179 40 19 des
906 3179 108 18 mélodies
1033 3178 28 18 de
1081 3179 60 17 Mar-

620 3205 57 20 sick,
697 3205 117 18 Massenet
834 3206 23 16 et
876 3204 118 22 Reynaldo
1013 3203 76 21 Hahn,
1109 3203 22 18 in-

620 3228 127 23 terprétées
772 3228 226 22 remarquablement
1021 3232 42 18 par
1087 3227 53 18 Mlle

621 3254 87 18 Rachel
726 3254 82 19 Piette.
825 3253 61 18 Pour
901 3257 57 14 ceux
976 3256 44 19 que
1037 3251 104 19 satisfait

621 3279 20 18 la
663 3278 105 22 musique
791 3277 76 23 facile,
889 3281 44 14 une
955 3277 94 18 Marche
1070 3276 28 18 de
1119 3277 21 18 la

620 3302 65 20 Ville,
705 3306 44 14 une
767 3301 131 19 Ouverture
916 3301 27 18 dc
962 3300 76 24 Suppé
1055 3303 23 16 et
1097 3305 43 14 une

617 3327 120 18 Fantaisie
765 3331 41 14 sur
832 3326 22 18 la
882 3326 108 20 Bohême,
1017 3324 121 20 exécutées

613 3356 63 15 -avec
696 3351 92 19 entrain
809 3356 42 18 par
869 3352 20 18 le
908 3351 78 17 Cercle
1005 3350 126 22 Symphoni-

620 3381 43 18 que
685 3376 154 19 Postscolaire
861 3381 11 11 «
882 3375 118 18 Excelsior
1009 3381 17 15 »,
1046 3378 54 15 sous
1119 3374 22 18 la

621 3401 112 19 direction
755 3401 28 18 de
805 3400 29 18 M.
857 3400 33 18 De
913 3399 46 19 Bie.
982 3398 79 23 Enfin,
1084 3403 58 19 pour

620 3431 57 14 ceux
693 3429 45 19 que
755 3425 95 18 charme
866 3424 22 19 la
906 3423 102 19 sonorité
1025 3423 47 19 très
1090 3428 42 18 par-

620 3450 105 19 ticulière
748 3450 28 18 de
799 3448 150 21 l'accordéon,
972 3447 118 19 l'audition
1113 3448 28 18 de

620 3475 59 19 deux
699 3475 114 18 virtuoses
840 3474 54 18 MM.
913 3471 120 20 Philémon
1052 3472 88 22 Spaens

621 3502 24 16 et
673 3498 94 23 Eugène
794 3497 80 23 Ondel,
900 3497 40 23 qui
967 3496 109 19 réalisent
1099 3500 42 14 sur

602 3520 4 30 j
620 3524 50 19 leur
707 3523 147 20 instrument,
890 3521 48 20 très
975 3519 166 25 perfectionné,

620 3548 123 21 d'ailleurs,
760 3547 27 19 de
804 3546 124 19 véritables
945 3547 66 18 tours
1027 3545 28 19 de
1071 3546 69 18 force.

646 3573 30 19 Ce
695 3574 101 18 concert,
817 3571 47 19 fort
882 3570 116 23 applaudi,
1018 3575 24 13 se
1062 3569 68 19 termi-

620 3598 49 18 nait
686 3602 43 18 par
745 3602 28 13 un
792 3595 128 19 intermède
937 3595 28 18 de
982 3595 84 18 danses
1081 3594 59 18 dans

620 3622 73 23 lequel
720 3628 28 14 on
773 3619 109 25 apprécia
909 3620 119 22 beaucoup
1051 3618 33 20 les
1107 3619 25 17 ta-

621 3647 59 19 lents
699 3645 213 23 chorégraphiques
929 3645 27 18 de
976 3644 28 19 M.
1023 3643 34 19 De
1075 3643 66 19 Ghis-

620 3671 66 19 telles
707 3671 21 18 et
751 3670 27 18 de
801 3670 52 18 Mlle
873 3668 95 21 Vannel,
990 3669 22 17 ct
1033 3672 42 18 par
1095 3671 45 15 une

617 3696 137 18 charmante
769 3694 103 19 comédie
887 3694 117 19 musicale.
1020 3692 83 19 Quand
1118 3693 20 17 la

618 3721 50 18 nuit
685 3720 116 20 conseille,
818 3719 66 19 livret
903 3719 27 18 de
949 3719 61 18 Mme
1026 3718 61 18 Gina
1104 3717 34 18 De

620 3745 155 23 Tay-Gera^-,
794 3744 105 23 musique
917 3744 27 17 de
963 3743 64 19 Jules
1044 3742 96 22 Gerage.

96 3900 22 19 de

135 3909 35 14 son
190 3906 85 19 métier.
298 3908 48 18 Nos
367 3905 118 25 généraux
507 3905 88 19 étaient

97 3927 113 24 pacifiques.
239 3932 47 18 Nos
316 3931 87 23 grands
433 3931 105 18 hommes
566 3929 29 18 de

97 3954 67 17 guerre
176 3956 37 17 ont
227 3956 34 19 été
276 3957 39 20 des
329 3955 134 20 cardinaux.
478 3956 48 18 Nos
540 3953 46 20 écri-

96 3975 54 21 ons
162 3979 72 19 furent
247 3982 39 18 des
300 3981 88 19 soldats
399 3986 4 14 :
421 3980 121 20 Calderon,
555 3980 38 22 qui

97 4002 20 14 *e
133 4001 59 21 battit
210 4007 79 17 contre
308 4010 64 16 vous,
393 4005 62 23 Lope
475 4006 29 18 de
525 4004 70 23 Vega,

96 4023 112 27 Cervantps,
226 4030 19 19 le
263 4031 110 18 manchot
392 4031 26 18 de
436 4030 110 23 Lépante.
564 4029 30 19 Et

98 4048 53 21 notre
171 4053 43 19 tort
236 4054 14 19 à
273 4059 65 18 nous,
362 4054 122 21 écrivains,
508 4056 36 17 est
566 4054 29 18 de

96 4074 46 34 Cous
154 4076 126 22 spécialiser
298 4079 59 20 dans
373 4081 67 17 notre
456 4078 137 24 profession.

99 4096 83 23 Louvre
207 4102 57 20 d'art
290 4103 64 19 étant
381 4104 22 18 la
429 4101 164 20 transmission

99 4120 38 33 ^un
155 4124 45 20 état
217 4126 79 22 d'âme,
315 4128 90 19 celui-ci
425 4128 48 18 doit
493 4127 49 18 être
561 4126 34 18 di-

101 4148 29 23 J-T-e
145 4148 65 21 d'être
228 4153 116 20 transmis.
361 4154 23 18 Si
403 4159 29 13 on
452 4153 53 17 veut
522 4151 72 20 créer,

101 4169 9 16 11
124 4171 44 21 faut
184 4175 67 20 vivre.

109 4217 5 4 ,
117 4195 14 17 p
131 4201 24 14 ar
183 4203 42 15 une
255 4202 124 18 transition
404 4202 96 20 adroite,
526 4201 14 18 il
565 4205 27 13 en

97 4220 17 34 J?
114 4223 11 14 e
122 4222 24 26 .nt
163 4221 13 20 à
193 4225 20 18 la
230 4225 20 19 S.
268 4227 27 18 D.
313 4227 28 18 N.
359 4227 31 18 Ce
406 4228 54 17 sont
481 4226 39 18 des
539 4226 56 21 poli-

97 4243 24 17 t1c
123 4249 42 16 *en5
187 4248 37 23 qui
248 4250 54 20 l'ont
326 4250 72 21 créée.
425 4251 62 18 Telle
513 4249 81 24 quelle.

96 4269 10 13 û
102 4271 18 16 .u
127 4271 62 19 est-ce
207 4278 42 18 que
268 4276 61 18 cette
349 4276 107 18 machine
477 4275 54 22 peut
552 4274 43 18 fai-

96 4293 20 14 rp
127 4306 5 4 *
154 4295 17 19 Il
193 4297 35 24 n'y
249 4305 14 13 a
285 4305 42 17 pas
350 4299 95 23 d'esprit
468 4300 58 18 dans
550 4303 44 14 une

96 4318 97 21 tt-achine.
208 4323 17 18 Il
240 4323 50 19 faut
306 4325 28 23 l'y
351 4324 58 19 faire
424 4325 85 21 entrer.
526 4322 67 20 Aussi

97 4341 17 16 la
134 4342 20 18 S.
170 4345 24 20 D.
212 4347 26 18 N.
258 4354 27 13 ne
306 4354 85 18 pourra
410 4349 67 22 jouer
497 4352 29 15 un
548 4347 47 19 rôle

96 4366 12 13 C
105 4380 4 4 -
112 4368 24 13 UG
153 4372 9 13 s
163 4373 6 22 )
186 4370 38 19 «lie
243 4372 80 20 s'élève
344 4374 15 18 à
380 4378 44 13 une
443 4377 90 14 somme
554 4372 41 18 des

98 4390 156 35 e^nnaissances
272 4398 123 19 humaines
414 4396 83 20 fondée
514 4402 40 13 sur
572 4396 22 18 la

100 4414 30 37 J.!
128 4416 7 13 1
136 4436 4 4 -
154 4420 27 14 ,eâ
182 4422 11 23 ?
208 4420 23 18 dç
232 4432 10 9 =
260 4422 83 22 esprits
362 4422 135 20 nationaux,
514 4421 20 19 si
552 4420 43 18 elle

98 4440 22 33 si
183 4446 13 14 a
215 4449 21 14 rc
238 4448 128 17 con*truire
389 4446 80 19 l'unité
491 4445 28 17 de
541 4449 53 18 pen-

98 4482 55 17 \VTf
158 4468 24 16 Ue
184 4466 17 28 -*'
202 4473 12 13 a
228 4475 11 13 c
241 4471 113 19 hrétienté
370 4476 14 14 a
401 4470 147 24 représentée
565 4475 29 13 au

98 4494 24 29 éll
161 4503 14 16 .'-
171 4494 10 13 S
183 4489 17 29 ^
201 4496 11 14 c
213 4493 6 18 '
220 4498 11 13 e
233 4507 5 5 *
261 4497 17 18 A
302 4500 26 14 ce
350 4496 92 22 compte
465 4493 128 19 seulement

124 4513 11 14 e
149 4512 98 25 s'élèvera
264 4524 29 14 au
312 4525 59 15 rang
389 4519 53 19 d'un
460 4518 88 18 concile
567 4518 27 17 de

98 4531 6 17 1
111 4534 63 21 ordre.

120 4559 25 20 M.
166 4563 25 18 de
214 4566 131 24 Madariaga
377 4570 35 17 est
445 4567 150 21 longuement

110 4585 86 23 Pplaudî.
224 4591 59 20 Pour
310 4593 101 19 clôturer
439 4593 21 19 la
491 4590 103 21 réunion,

98 4611 52 21 -.-me
170 4612 25 18 de
216 4615 20 19 la
258 4617 76 19 Vallée
358 4624 14 13 a
394 4618 35 18 dit
451 4617 68 18 d'une
542 4615 53 19 voix

98 4634 119 22 émouvante
233 4640 57 20 deux
306 4642 141 18 admirables
464 4641 131 22 fragments

138 4661 83 21 poèmes
240 4665 117 23 composés
378 4672 29 13 en
427 4665 103 22 français
554 4668 43 18 par

98 4652 24 20 de

95 4682 98 30 ^'vador
209 4687 26 19 de
252 4690 118 23 Madariag

94 4763 70 24 fcrac.-i

141 4745 110 25 OFFREZ
271 4753 39 20 ON
328 4755 66 19 JOLI
414 4753 124 20 CADEAU

130 4772 15 13 lc
152 4778 8 4 "
160 4774 49 17 mon
210 4776 51 21 tres,
278 4782 107 16 montres,
404 4777 116 24 pendules,
539 4776 49 20 adr.

95 4811 44 20 Mar
154 4818 4 3 -
155 4800 27 13 aU
196 4798 52 20 Com
250 4806 13 14 »
265 4803 22 17 to
289 4808 20 13 -r
324 4804 28 18 de
368 4802 99 23 Genève,
484 4802 30 20 17,
532 4807 16 12 r.
564 4802 30 18 du

129 4820 47 19 rais,
198 4822 28 19 n_
249 4834 21 6 _
293 4826 108 19 Facilités
424 4828 27 18 de
473 4826 123 23 paiement.

160 4879 35 31 Un
214 4883 57 34 gala
291 4885 34 29 du
346 4890 170 32 groupement

145 4924 158 36 Postscolaiçe
325 4927 31 30 de
378 4926 163 31 Schaerbeek

99 5003 18 18 jp
136 4988 47 18 etan
186 4990 8 17 t
217 4997 40 14 son
279 4995 126 22 quinzième
429 4995 167 20 anniversaire,

99 5027 12 17 ^
135 5043 10 4 „
146 5014 10 13 r
156 5015 12 13 °
170 5016 100 20 Upcmcnt
290 5020 147 21 postscolaire
457 5021 26 18 de
503 5020 96 18 Schaer-

97 5055 25 16 ha
124 5054 4 6 .
160 5040 13 13 a
186 5040 13 15 u
201 5040 55 19 °nné
271 5043 92 21 samedi,
377 5044 14 19 à
405 5044 76 19 l'hôtel
496 5047 102 15 commu-

119 5067 16 20 /•
150 5062 40 17 Une
205 5063 9 17 f
215 5071 11 10 "-*
227 5065 22 17 te
279 5067 103 23 rtistique
398 5069 47 19 très
461 5068 94 19 réussie.

120 5086 29 12 vjn
165 5086 70 19 puMic
251 5091 124 19 nombreux
390 5097 15 18 y
422 5093 106 18 assistait
546 5096 51 17 par-

100 5126 34 16 tré
146 5111 26 26 -i-
174 5112 25 15 Ui?
201 5123 5 4 -
224 5116 55 16 noUs
295 5116 99 19 citerons
412 5117 30 18 M.
459 5116 26 20 O.
502 5116 94 18 Bi.t.au.

100 5133 18 30 £,
134 5134 20 25 U
171 5155 4 4 •
194 5134 18 19 t:
232 5136 30 19 les
280 5138 106 21 échevins
405 5141 106 22 Soupart,
529 5140 69 18 Blum

101 5165 44 24 nm-T
162 5160 18 29 A
177 5161 46 18 ase;
244 5159 48 21 MM
292 5176 5 6 -
318 5163 91 23 Carton,
432 5165 103 20 Fraikin.
557 5164 41 18 Le-

101 5180 52 34 tr,r-T;
176 5204 13 10 u
208 5182 25 19 B1
251 5183 32 24 *•
298 5186 90 20 Ekman
390 5194 17 16 ^
423 5189 67 23 Vuga
506 5190 23 17 et
544 5188 55 19 Ver-

120 5207 77 17 •-er.cn.
214 5210 169 21 organisa*eurs
400 5213 28 19 de
446 5213 24 19 la
486 5212 56 20 fête,

103 5238 49 24 avaii-
164 5231 13 18 p
173 5233 45 29 .^?"
219 5235 71 16 mmm
293 5248 9 4 --
318 5236 94 22 copieux
428 5239 23 17 et
466 5237 28 19 de
510 5235 87 22 «.ualité

103 5254 72 31 esiolv
192 5257 11 14 e
219 5259 48 15 com
270 5257 52 22 P03é
339 5261 23 17 et
379 5265 28 14 on
425 5261 121 23 applaudit
564 5260 33 18 les

125 5277 103 20 -embours
248 5280 67 21 rimes
336 5284 27 18 de
383 5284 87 20 Marcel
490 5285 107 18 Antoine,

102 5312 10 18 j.
136 5301 118 21 enanteuse
275 5305 97 23 Myriam
394 5309 94 21 Daria-..
511 5310 32 17 les
565 5308 33 22 jo-

102 5337 29 21 fin
144 5323 23 35 S
185 5329 11 15 8
208 5325 29 19 du
242 5349 6 9 ,
249 5327 52 20 Gait
302 5334 20 18 y.
334 5331 60 20 Mme
407 5333 104 19 Ramone
525 5334 22 18 et
560 5337 38 14 en-

112 5344 18 15 '"
147 5344 19 19 le
184 5349 113 23 populaire
316 5354 91 21 Libeau.

101 5390 46 16 *<--r
149 5397 10 9 n
181 5394 13 12 a
231 5403 8 3 .
252 5376 27 18 de
297 5381 150 22 --f^nnequins
466 5383 22 17 et
507 5382 22 17 la
548 5380 51 23 pré-

100 5408 83 23 W-rent
210 5419 6 4 ~
306 5401 108 26 Belgique
438 5405 49 19 1931
513 5405 85 19 contrl-

101 5433 59 21 joven
175 5446 9 7 ->
205 5423 26 31 £-
246 5427 63 16 CIPPr
331 5430 44 16 une
399 5429 147 23 atmosphère
570 5430 28 18 de

101 5442 7 13 J
109 5442 12 10 lJ
121 5442 63 17 --eu--e
202 5443 108 25 élégance.

616 3811 83 35 Ceux
720 3812 52 40 qui
792 3811 109 33 voient
921 3815 69 29 tout
1011 3822 39 21 en
1071 3809 69 34 noir

642 3895 74 18 Toute
734 3893 77 23 gaieté
828 3894 51 19 leur
896 3895 36 18 est
948 3893 108 20 Interdite
1074 3893 23 18 et
1114 3891 27 20 ils

617 3925 28 14 no
663 3919 150 19 connaissent
831 3920 27 18 de
875 3918 22 19 la
913 3917 36 19 vie
966 3922 44 18 que
1028 3917 32 19 les
1078 3921 55 14 mau-

617 3943 50 19 vais
685 3944 123 19 moments,
828 3947 41 14 car
889 3944 22 18 la
931 3941 155 23 constipation
1109 3941 32 18 les

618 3968 155 22 empoisonne.
799 3967 133 22 Migraines,
957 3966 107 22 vertiges,
1088 3964 45 19 dou-

617 3993 62 18 leurs
695 3991 165 20 abdominales,
878 3991 30 18 tel
926 3992 34 16 est
975 3990 51 18 leur
1042 3989 33 18 lot
1090 3994 42 13 con-

615 4017 71 19 stant.
705 4017 62 18 Avec
785 4016 33 18 les
836 4014 128 19 PILULES
981 4014 42 18 DE
1040 4013 101 21 VICHY,

617 4042 28 19 ils
667 4040 124 24 possèdent
809 4040 20 18 le
851 4043 82 18 moyen
953 4037 42 20 sûr
1017 4040 22 17 et
1062 4037 79 22 rapide

618 4067 27 18 de
666 4065 60 20 faire
747 4063 140 24 disparaître
908 4064 53 18 tous
982 4063 50 18 leur
1031 4070 13 13 6
1064 4066 77 14 maux.

617 4090 43 19 Cf=
688 4094 20 20 p:
712 4089 64 20 Iules,
804 4087 146 22 exactement
977 4085 80 20 dosées
1084 4090 58 18 pour

617 4115 130 20 combattre
763 4114 77 17 toutes
856 4112 33 18 les
906 4115 82 15 causes
1005 4111 27 21 de
1051 4110 22 20 la
1090 4114 43 14 con-

616 4139 119 23 stipation,
752 4136 120 20 réveilent
885 4136 33 18 les
935 4134 158 20 contractions
1109 4134 23 18 in

617 4163 127 20 testinales,
765 4161 110 20 tonifient
895 4160 117 18 l'estomac
1034 4159 23 18 et
1078 4162 55 15 assu-

618 4190 51 18 rent
690 4187 59 18 dans
769 4189 52 17 tous
842 4185 33 19 les
896 4189 40 17 cas
957 4185 22 19 la
999 4181 81 21 liberté
1101 4182 40 19 des

618 4213 123 18 fonctions.
760 4220 25 4 —
803 4210 86 18 Toutes
909 4207 153 24 pharmacies.
1079 4207 14 19 6
1113 4207 28 18 fr.

617 4237 21 20 la
655 4236 67 19 boîte.
1106 4231 33 19 tl)

659 4303 39 29 Un
724 4302 112 35 meeting
863 4300 31 29 de
919 4299 185 36 propriétaires

825 4344 15 27 à
857 4342 76 35 Liège

634 4422 45 20 (De
698 4423 66 16 notre
781 4418 183 23 correspondant
980 4413 147 26 particuleirj

869 4454 75 23 Liège,
960 4454 12 18 2
987 4452 128 19 décembre.

642 4482 171 19 L'Association
837 4481 39 19 des
900 4476 169 25 Propriétiares
1077 4476 64 18 avait

616 4506 72 20 invité
711 4506 123 19 dimanche
860 4504 114 23 plusieurs
997 4502 106 19 orateurs
1127 4504 14 14 a

617 4532 98 23 prendre
732 4531 23 20 la
773 4530 79 23 parole
867 4529 15 19 à
900 4530 21 17 la
937 4527 61 19 suite
1015 4527 30 18 du
1062 4525 79 19 récent

616 4554 117 20 arrêté-loi
751 4559 42 14 sur
808 4554 33 18 les
862 4553 81 23 loyers.

648 4583 35 17 Au
707 4582 86 17 bureau
816 4579 95 19 avaient
934 4577 47 23 pris
1005 4576 64 22 place
1081 4580 4 13 :
1112 4574 29 19 M.

621 4606 95 19 Nulens,
740 4603 117 24 président
880 4602 134 19 d'honneur,
1038 4602 23 16 et
1084 4598 57 19 Hor-

625 4631 60 19 rent,
718 4628 91 23 député.
842 4625 208 21 Successivement,
1084 4622 55 19 MM.

616 4654 104 19 Dessart,
737 4652 108 19 Monette.
862 4649 118 25 président
997 4650 27 18 de
1040 4649 21 18 la
1078 4648 21 18 S.
1116 4647 24 18 C.

617 4679 24 18 P.
663 4678 17 20 I.
702 4678 27 18 de
751 4676 126 21 Bruxelles,
898 4674 93 19 Molban
1006 4688 5 7 ,
1030 4673 111 19 Marten.;,

616 4702 153 21 Dallemagne
788 4701 23 20 et
829 4700 95 21 Nulens,
941 4701 41 16 ont
1000 4697 101 19 défendu
1120 4700 21 16 la

616 4726 65 19 thèse
697 4727 39 18 des
752 4723 170 25 propriétaires.
937 4722 73 22 Après
1024 4722 53 23 quoi
1092 4721 40 19 l'or-

617 4752 41 19 dre
677 4751 30 18 du
726 4751 53 21 jour
796 4749 94 19 suivant
910 4749 38 19 fut
966 4746 51 19 voté
1039 4751 5 14 :

646 4782 154 19 Considérant
817 4785 44 18 que
877 4778 132 20 Varrété-loi
1027 4777 30 18 du
1074 4778 13 17 S
1103 4780 29 14 no-

621 4808 92 18 vembre
730 4806 48 22 1934
794 4810 41 13 sltr
850 4806 33 17 ies
899 4804 37 22 l°U
937 4808 38 13 ers
990 4807 28 14 ne
1032 4807 25 13 se
1073 4802 24 21 >"
1101 4806 9 12 s
1113 4803 27 15 ''-

618 4833 33 21 fie
666 4831 128 18 nullement
811 4834 68 17 parce
897 4833 43 17 que
957 4829 34 17 les
1008 4826 121 19 innombra-

621 4857 47 18 bles
685 4856 129 22 logements
831 4854 15 18 à
863 4854 65 18 louer
945 4852 98 19 rendent
1062 4851 21 19 le
1100 4854 40 19 jeu

619 4882 28 17 de
664 4880 77 22 t'offre
759 4880 23 16 et
800 4879 29 18 de
846 4879 23 17 la
887 4877 114 18 demande
1019 4875 120 23 favorable

619 4911 46 13 aur
680 4905 136 19 locataires;
830 4901 149 20 considérant
994 4906 43 17 que
1053 4901 37 17 cet
1104 4904 28 13 ar-

620 4931 49 18 rêté
688 4930 36 19 est
746 4928 77 22 illrgal
843 4931 69 19 parce
933 4925 163 24 qu'unilatéral
1117 4926 22 16 ct

621 4955 86 19 violant
721 4953 96 18 l'article
832 4953 48 17 1Ï.V-
893 4951 30 18 du
938 4951 57 17 code
1008 4949 66 21 civil;
1087 4953 42 15 con-

619 4980 105 18 sidérant
743 4977 55 23 qu'il
817 4978 35 17 est
871 4976 107 18 immoral
997 4979 69 18 parce
1086 4974 54 22 qu'il

618 5005 91 22 permet
722 5003 29 18 dc
764 5002 137 18 commettre
914 5000 41 18 des
966 5000 65 18 actes
1041 4998 88 19 sembla-

621 5029 48 18 bles
682 5029 14 17 à
714 5027 58 19 celui
788 5031 44 18 que
847 5025 150 21 l'Allemagne
1012 5029 14 13 a
1042 5023 98 18 commis

620 5059 28 13 en
666 5054 56 17 août
741 5054 23 16 19
767 5053 23 20 lk
809 5052 23 16 ft
851 5050 39 23 qui
908 5049 94 18 souleva
1021 5048 109 22 l'indigna-

622 5079 50 18 tion
694 5076 151 21 universelle;
867 5073 150 19 considérant
1039 5077 45 18 que
1119 5072 21 18 le

622 5103 133 19 Parlement
777 5105 43 18 pur
840 5104 42 13 son
903 5099 79 17 action
1003 5099 81 16 contre
1118 5097 22 18 la

620 5127 117 24 propriété
755 5131 13 13 a
788 5124 141 23 co.npromis
949 5123 96 18 l'avenir
1077 5123 23 16 et
1118 5121 21 18 la

621 5151 129 25 prospérité
768 5150 30 18 du
818 5153 58 19 pays
894 5153 29 13 en
942 5147 131 18 détruisant
1105 5146 27 18 l'é-

620 5181 89 20 pargne
725 5175 109 24 publique
850 5175 24 16 rt
889 5178 27 13 en
933 5172 102 18 altérant
1053 5171 33 18 les
1102 5174 29 14 no-

622 5204 61 17 tions
703 5201 31 18 du
756 5199 74 21 droit;
851 5198 33 17 les
904 5196 166 24 propriétaires
1103 5195 30 18 lié-

620 5228 71 22 geois,
705 5224 88 19 massés
807 5228 26 13 ce
847 5224 12 16 2
873 5221 122 19 décembre
1009 5221 50 20 i9.*.*i
1074 5224 29 14 en
1117 5220 22 17 la

620 5253 67 17 vaste
704 5250 57 18 salle
780 5248 27 19 de
828 5248 22 18 la
870 5246 88 23 Royale
974 5245 119 22 Liégeoise
1112 5244 27 17 de

621 5275 176 24 Gymnastique,
811 5273 109 17 assurent
934 5271 21 17 S.
971 5270 30 18 M.
1015 5269 20 18 le
1051 5269 44 18 Roi
1112 5268 28 18 de

621 5303 62 18 leurs
700 5298 161 24 indéfectibles
877 5297 140 19 sentiments
1034 5296 29 18 de
1080 5295 51 22 loya-

620 5327 67 18 lisme
705 5327 23 17 et
747 5323 125 22 l'adjurent
891 5322 77 18 d'user
986 5321 29 19 de
1034 5325 37 13 ses
1091 5320 50 22 pré-

622 5351 117 20 joaatives
758 5353 58 19 pour
833 5351 45 19 que
894 5347 46 17 soit
959 5345 98 19 rétablie
1075 5344 66 18 entre

620 5380 53 14 mus
688 5376 33 18 les
737 5374 105 21 citoyens
857 5370 101 23 l'égalité
974 5370 107 22 garantie
1097 5374 43 17 par

621 5402 21 17 In
657 5399 156 20 Constitution
829 5398 22 16 rt
865 5399 50 19 que
921 5396 76 17 soient
1010 5394 131 23 respectées

622 5426 33 17 les
674 5425 43 18 lois
735 5424 29 17 du
785 5421 80 24 peuple
885 5420 63 22 belge
967 5425 43 18 par
1030 5420 20 18 le
1068 5419 64 18 main-

623 5451 47 18 tien
689 5449 41 19 des
749 5446 158 20 conventions.

1285 477 59 31 EN
1370 478 186 32 FRANCE

1178 550 76 65 Dix
1290 549 172 66 détenus
1497 554 159 62 tentent

1157 642 40 49 de
1220 640 152 51 s'évader
1394 641 78 61 près
1488 641 39 50 de
1542 642 138 50 Saumur

1176 737 33 32 Le
1226 738 108 36 gardien
1350 737 31 30 de
1397 739 97 28 service
1511 743 39 24 est
1566 737 96 38 frappé

1269 782 16 27 à
1303 791 81 25 coups
1403 779 32 30 de
1453 785 110 25 couteau

1344 827 113 27 Sauinur,
1475 828 14 21 2
1508 828 140 22 décembre*.

1187 857 54 23 Vue
1257 856 99 22 dizaine
1372 856 31 22 de
1418 855 104 24 détenus
1538 857 31 21 de
1586 857 21 22 la
1625 856 47 23 Mai-

1156 892 44 16 son
1220 884 115 23 Centrale
1354 884 30 22 de
1405 884 159 22 Konlcvrault
1582 885 99 21 avaient

1156 915 39 20 len
1200 914 23 22 lé
1236 913 31 22 de
1280 912 121 23 s'évader.

1188 942 58 21 L'un
1269 941 80 23 d'eux,
1372 941 79 25 forçai
1489 938 77 24 évadé
1606 940 30 23 de
1659 939 22 23 la

1155 971 128 22 (iuvaniie.
1302 976 13 14 a
1336 969 89 27 frappé
1444 969 13 21 â
1477 975 79 20 coups
1576 968 30 22 de
1624 975 47 15 cou-

1155 1000 56 20 teau
1228 998 22 23 le
1266 996 104 30 gnrllien
1387 997 31 21 de
1434 997 105 24 service,
1556 997 29 22 M.
1604 995 77 26 Butet,

1157 1026 83 22 lundis
1259 1025 91 28 qu'une
1370 1025 104 26 bagarre
1494 1024 99 23 éclatait
1612 1025 71 21 entre

1156 1053 112 27 détenus,
1289 1053 110 22 certains
1420 1053 75 26 ayant
1518 1053 52 27 pris
1593 1052 45 22 fait
1659 1053 24 20 et

1155 1089 74 15 cause
1247 1088 63 21 p'Uir
1326 1081 22 22 le
1364 1080 112 26 gardien.
1494 1081 103 21 L'alerte
1614 1087 13 15 a
1645 1080 37 21 été

1155 1111 67 21 alors
1235 1109 99 23 donnée
1347 1111 22 19 et
1385 1109 21 21 la
1420 1108 119 24 tentative
1553 1107 128 23 d'évasion

1156 1146 12 14 a
1185 1140 37 21 élé
1238 1137 156 28 rapidement
1412 1135 134 23 maîtrisée.

1161 1195 66 17 Etats
1246 1193 105 20 Nerveux
1369 1197 11 12 «
1390 1192 30 18 La
1439 1191 100 18 Feuillée
1547 1196 18 14 ».
1583 1191 87 18 Namur

1158 1255 19 35 A
1193 1255 161 39 Sarrebruck,
1368 1255 44 33 des
1425 1255 85 41 agents
1524 1254 28 33 de
1567 1253 22 35 la
1604 1252 78 43 police

1220 1308 97 38 secrète
1334 1309 134 35 allemande
1487 1306 134 45 pénètrent,

1195 1366 114 35 revolver
1322 1373 30 27 au
1371 1364 80 43 poing,
1469 1364 60 35 dans
1543 1364 21 35 le
1583 1363 62 35 local

1341 1420 159 35 communiste

1308 1486 152 23 Sarrebruck,
1479 1486 28 20 !"
1526 1485 128 20 décembre.

1188 1513 31 20 Le
1246 1513 92 23 Journal
1366 1511 154 22 communiste
1549 1516 10 14 *
1574 1511 107 18 Arbeiter

1162 1540 99 22 Zeitung
1275 1545 11 12 .>
1310 1538 108 25 rapporte
1440 1542 43 18 que
1506 1538 58 19 dans
1586 1539 22 18 la
1630 1536 51 18 nuit

1162 1563 106 21 dernière
1289 1564 57 19 trois
1366 1564 82 21 agents
1477 1563 27 18 de
1531 1563 23 17 la
1578 1562 103 21 Gestapo

1164 1590 84 23 (police
1264 1588 90 22 secrète
1372 1588 150 20 allemande),
1540 1586 83 22 armés,
1640 1586 41 18 ont

1163 1613 94 27 pénétré
1272 1619 30 15 au
1317 1612 64 24 siège
1398 1613 30 19 du
1445 1613 60 23 parti
1520 1611 161 22 communiste,

1163 1640 104 20 revolver
1282 1639 15 19 à
1314 1640 21 18 la
1353 1639 69 18 main.

1190 1666 90 22 Voyant
1300 1665 84 22 qu'une
1405 1663 71 23 garde
1496 1663 57 21 était
1574 1661 106 24 présente

1163 1696 58 19 pour
1236 1690 111 19 défendre
1361 1690 32 18 les
1407 1690 89 20 locaux,
1511 1689 26 19 ils
1552 1689 41 17 ont
1606 1686 74 24 quitté

1162 1723 28 13 en
1209 1716 53 19 hâte
1280 1717 22 18 la
1319 1715 66 23 place
1403 1715 23 18 et
1442 1716 54 17 sont
1514 1713 90 19 montés
1622 1713 59 17 dans

1164 1746 43 16 une
1225 1740 141 20 automobile
1384 1739 89 21 bondée
1492 1739 105 22 d'agents
1614 1738 28 18 de
1658 1737 24 19 la

1163 1767 72 25 police
1247 1765 91 20 secrète
1351 1765 137 19 allemande.

1189 1793 32 18 La
1238 1792 73 23 police
1326 1789 86 21 alertée
1426 1788 100 21 aussitôt
1540 1789 36 18 est
1591 1789 89 19 arrivée

1163 1818 59 18 mais
1238 1818 52 21 trop
1306 1816 53 20 tard
1375 1816 36 18 On
1427 1821 14 13 a
1458 1819 30 18 pu
1502 1814 132 23 cependant
1650 1813 31 20 lui

1163 1843 91 19 fournir
1270 1843 21 18 le
1307 1840 97 20 numéro
1421 1841 27 18 de
1466 1841 23 18 la
1504 1841 97 18 voiture.

1190 1868 30 20 Le
1241 1868 88 18 bureau
1350 1867 28 20 de
1398 1870 79 19 presse
1504 1865 28 18 de
1558 1866 21 17 la
1609 1864 72 23 police

1162 1894 101 19 sarroise
1271 1894 76 17 donne
1361 1896 30 15 au
1404 1891 63 22 sujet
1483 1891 28 18 de
1525 1891 61 18 cette
1594 1890 87 18 affaire

1163 1920 39 18 des
1220 1917 83 21 détails
1321 1917 39 23 qui
1378 1916 144 19 confirment
1540 1915 141 23 l'agression.

1157 1959 133 13 *„_.*.*_-
1295 1956 113 13 *_*_.*
1413 1952 269 16 ___--__-*--**-»

1159 1991 213 55 L'opération
1397 1991 43 46 de
1470 1990 34 46 la
1528 1988 155 54 prostate

1263 2056 83 52 peut
1365 2054 74 46 être
1461 2051 117 47 évitée

1186 2140 19 18 A
1223 2138 75 24 partir
1314 2139 28 18 de
1360 2138 22 19 ia
1399 2135 173 24 cinquantaine,
1591 2140 30 13 un
1639 2135 45 18 bon

1159 2164 58 20 tiers
1233 2164 40 18 des
1290 2164 105 18 hommes
1410 2163 55 17 sont
1480 2159 97 24 exposés
1592 2159 15 19 à
1623 2159 54 19 souf-

1160 2189 44 20 frir
1224 2189 27 19 de
1272 2188 23 18 la
1314 2187 111 23 prostate.
1447 2186 59 18 Mais
1528 2186 14 18 il
1564 2185 58 18 n'est
1644 2188 41 18 pas

1160 2213 30 19 du
1212 2214 51 17 tout
1287 2212 58 19 fatal
1369 2215 45 19 que
1437 2209 132 19 l'évolution
1594 2209 28 18 de
1646 2212 39 14 ces

1158 2237 104 19 troubles
1280 2236 119 21 aboutisse
1417 2235 15 19 à
1450 2233 142 24 l'opération.
1612 2234 63 18 Beau-

1158 2267 60 18 coup
1238 2262 40 18 ont
1298 2260 61 19 évité
1380 2259 171 19 l'intervention
1572 2256 104 25 chirurgi-

1159 2286 56 22 cale,
1234 2284 97 21 atténué
1350 2290 31 14 ou
1399 2282 121 24 supprimé
1540 2283 62 18 leurs
1622 2284 54 16 trou-

1159 2311 49 19 bles
1232 2311 25 19 et
1280 2309 75 21 même
1380 2307 108 21 retrouvé
1518 2312 45 15 une
1595 2305 89 20 vitalité

1160 2335 88 20 nouvel'
1252 2342 13 13 e
1291 2341 27 14 en
1344 2334 135 23 pratiquant
1505 2333 20 18 le
1550 2337 6 14 ;
1561 2332 124 18 raitemc.it

1160 2359 141 23 magnésien.
1316 2359 95 22 Chaque
1427 2359 54 21 jour
1497 2362 28 14 en
1542 2357 98 22 apporte
1656 2355 29 18 de

1160 2384 117 19 nouvelles
1295 2388 104 19 preuves,
1415 2382 59 20 ainsi
1492 2383 61 19 cette
1571 2382 68 18 lettre
1656 2380 29 18 de

1160 2410 29 19 M.
1211 2410 24 18 P.
1256 2409 44 20 C-,
1320 2409 14 18 à
1356 2406 153 20 Romorantin
1533 2406 120 19 (France).

1187 2440 10 12 x
1213 2434 38 19 Ma
1275 2434 104 22 prostate
1401 2432 65 18 avait
1489 2431 86 20 atteint
1603 2430 14 19 à
1641 2434 44 18 peu

1159 2458 54 24 près
1232 2459 21 20 le
1274 2457 91 20 volume
1385 2457 67 18 d'une
1473 2456 59 19 balle
1553 2455 28 21 de
1601 2455 84 18 tennis.

1160 2484 31 18 Le
1206 2482 105 20 médecin
1329 2487 45 18 que
1391 2481 39 23 j'ai
1447 2479 105 21 consulté
1570 2485 22 13 m
1600 2486 15 13 a
1632 2484 44 14 con-

1159 2506 65 20 seillé
1242 2508 28 18 de
1287 2512 31 16 rie
1338 2511 41 18 pas
1397 2511 38 14 nie
1456 2506 60 19 faire
1534 2504 89 23 opérer.
1640 2504 44 19 J'ai

1159 2530 135 21 commencé
1312 2531 63 18 alors
1395 2531 20 19 le
1435 2530 135 18 traitement
1591 2534 43 18 par
1652 2529 33 18 les

1159 2555 104 24 Dragées
1281 2557 28 18 de
1328 2554 151 23 Magnogène.
1497 2554 88 22 Depuis
1601 2557 45 19 que
1664 2553 21 22 je

1160 2587 37 16 nie
1220 2581 81 22 soigne
1324 2580 68 20 ainsi,
1415 2580 22 22 je
1462 2579 89 18 n'urine
1575 2582 44 18 que
1641 2581 44 19 peu

1159 2607 99 18 souvent
1281 2606 58 18 dans
1363 2606 22 17 la
1409 2602 103 24 journée,
1536 2608 55 13 sans
1623 2602 53 18 diffi-

1159 2631 62 18 culté
1240 2630 22 20 ni
1280 2629 65 23 gêne,
1361 2630 23 17 ct
1403 2629 22 21 je
1442 2630 54 18 dors
1514 2629 64 17 toute
1595 2627 23 19 la
1633 2627 52 18 nuit

1159 2659 56 14 sans
1238 2655 67 18 avoir
1327 2655 78 17 bvsoin
1430 2653 27 20 de
1481 2657 37 14 nie
1539 2652 94 18 relever.
1657 2651 28 18 Je

1160 2680 50 18 vais
1229 2679 66 19 avoir
1312 2679 26 18 70
1355 2682 50 17 ans,
1424 2679 23 17 et
1467 2682 28 15 ne
1514 2681 37 15 me
1570 2681 54 13 sens
1644 2681 40 18 pas

1159 2703 89 19 vieillir.
1263 2710 12 10 *>

1185 2728 31 21 Le
1236 2728 92 23 compte
1348 2727 73 19 rendu
1441 2726 67 21 d'une
1529 2725 148 20 communica-

1159 2753 49 18 tion
1235 2753 15 19 à
1280 2751 139 19 l'Académie
1449 2752 28 17 de
1508 2749 119 20 Médecine
1657 2750 28 18 de

1160 2777 73 21 Paris,
1253 2776 121 20 décrivant
1394 2777 32 17 ies
1445 2775 70 20 effets
1530 2776 26 17 <*t
1574 2773 111 20 résultats

1159 2802 28 19 de
1204 2807 26 16 ce
1248 2806 106 14 nouveau
1373 2801 136 18 traitement
1527 2804 53 13 sera
1597 2797 87 25 envoyé

1158 2826 170 24 gratuitement
1345 2830 41 14 sur
1402 2825 115 18 demande
1534 2828 42 19 par
1592 2824 32 18 les
1643 2823 33 18 La-

1159 2851 129 20 boratoires
1305 2850 23 18 F.
1345 2848 112 21 Romoni,
1471 2849 32 19 86,
1518 2852 40 14 rue
1574 2849 30 17 du
1619 2846 56 20 Méri-

1159 2875 60 21 dien,
1238 2875 16 19 à
1274 2874 126 21 Bruxelles,
1418 2873 15 19 à
1452 2876 52 16 tous
1524 2877 59 15 ceux
1600 2877 44 18 que
1662 2872 23 18 la

1159 2900 107 22 question
1287 2898 119 20 intéresse.
1623 2898 60 18 (191)

1161 2928 522 20 ^■,4***A*4*4*U*4*i**è441âè|

1748 474 69 59 Le
1849 471 68 60 Dr
1942 468 241 73 Eichner,

1825 558 278 48 ex-directeur

1704 626 48 44 de
1778 625 42 44 la
1841 621 125 56 police
1990 621 48 44 de
2065 619 160 47 Munich

1852 685 66 45 est
1941 681 138 48 arrêté

1745 777 68 30 Pour
1829 776 80 32 avoir,
1928 772 65 30 dans
2010 784 34 19 un
2059 778 117 32 rapport,

1702 831 33 18 en
1762 819 82 33 1933,
1869 818 48 28 mis
1941 826 44 18 sur
2010 815 24 30 le
2057 818 84 27 même
2165 814 60 38 pied

1786 861 107 28 racistes
1916 862 26 24 et
1966 858 182 29 communistes

1894 905 108 23 Munich.
2019 906 14 21 2
2052 906 141 22 décembre.

1737 937 30 22 M.
1781 937 114 27 Wagner,
1910 933 114 22 ministre
2039 934 31 22 de
2083 934 142 22 l'Intérieur

1707 965 124 23 bavarois,
1848 972 13 14 a
1881 962 45 22 fait
1945 962 95 22 arrêter
2059 963 21 21 ie
2099 962 34 22 Dr
2153 961 62 22 Eich-

1706 1000 52 19 ner,
1772 992 89 23 ancien
1877 989 126 23 directeur
2016 990 31 22 de
2060 992 23 21 la
2098 989 82 29 police
2194 990 30 22 de

1705 1021 110 22 Munich.

1737 1050 33 21 Ce
1790 1045 186 25 fonctionnaire
1993 1046 75 25 avait,
2085 1046 22 24 le
2127 1046 29 21 23
2174 1045 40 28 jan-

1707 1078 53 21 vier
1783 1076 66 24 1933.
1871 1073 149 23 c'est-à-dire
2043 1080 48 16 une
2114 1074 111 21 semaine

1706 1108 72 19 avant
1797 1102 114 24 l'arrivée
1927 1108 30 15 au
1973 1102 107 27 pouvoir
2096 1102 32 21 du
2145 1102 64 22 chan-

1706 1133 77 22 celier
1798 1132 87 21 Hitler,
1900 1129 100 23 adressé
2015 1136 29 16 au
2061 1130 114 22 ministre
2191 1136 33 15 un

1702 1163 104 26 rapport
1833 1160 63 22 dans
1921 1158 78 27 lequel
2027 1159 15 21 il
2070 1159 94 22 traitait
2192 1160 32 19 le-

1708 1185 291 26 nationaux-socialistes
2026 1192 44 15 sur
2096 1186 22 23 le
2146 1185 79 22 même

1710 1217 57 27 pied
1793 1223 48 21 que
1865 1216 34 21 les
1923 1214 180 22 communistes
2127 1215 23 20 et
2176 1220 38 15 em-

1708 1245 94 27 ployait
1818 1245 13 21 â
1847 1245 53 21 leur
1915 1241 74 27 égard
2005 1242 44 24 des
2063 1242 162 28 expressions

1709 1271 212 23 indéfinissables.
1949 1269 91 29 Malgré
2067 1276 29 18 ce
2125 1269 53 24 fait,
2208 1269 16 21 i!

1707 1303 87 19 trouva
1814 1300 22 21 le
1853 1303 89 22 moyen
1960 1297 109 23 d'entrer
2086 1304 48 22 peu
2152 1298 73 28 après

1707 1329 62 21 dans
1790 1330 21 21 le
1829 1327 67 28 parti
1914 1327 22 20 et
1956 1325 30 22 de
2003 1326 114 22 recevoir
2135 1326 31 21 de
2185 1326 29 21 l'a-

1708 1357 154 21 vancement.

1741 1384 30 23 Le
1795 1383 122 23 ministre,
1940 1382 42 26 qui
2006 1381 99 23 déclare
2129 1381 97 22 n'avoir

1707 1418 29 15 eu
1760 1411 183 22 connaissance
1967 1409 200 28 qu'aujourd'hui
2195 1409 30 21 de

1706 1446 29 15 ce
1755 1441 113 26 rapport,
1887 1444 13 15 a
1920 1436 80 26 relevé
2021 1437 22 22 le
2062 1438 34 21 Or
2116 1437 109 23 Eichner

1707 1468 31 21 de
1758 1474 45 15 son
1826 1469 70 26 poste
1917 1465 64 22 ainsi
2002 1472 47 21 que
2070 1466 65 21 deux
2158 1465 57 21 fonc-

1707 1495 139 22 tionnaires
1863 1493 102 23 accusés
1980 1493 97 22 d'avoir
2092 1492 94 23 étouffé
2204 1495 21 20 le

1707 1523 135 22 document
1861 1521 141 23 incriminé.

1703 1558 41 30 Un
1768 1557 151 37 professeur
1943 1555 171 31 d'Université
2140 1557 85 29 arrêté

1765 1611 66 25 pour
1856 1600 71 29 avoir
1950 1600 107 36 critiqué
2082 1598 83 30 Hitler

1927 1646 84 22 Berlin,
2035 1648 12 17 2
2073 1646 127 20 décembre.

1730 1674 32 20 Le
1779 1674 33 19 Dr
1829 1673 135 21 Leisegang,
1979 1672 134 23 professeur
2130 1672 28 18 de
2175 1672 39 23 phi-

1705 1698 103 22 losophie
1821 1697 14 19 à
1849 1696 145 21 l'université,
2009 1697 63 18 vient
2086 1696 71 20 d'être
2171 1701 43 14 con-

1706 1721 84 19 damné
1807 1721 14 19 à
1841 1722 35 18 six
1894 1721 58 18 mois
1971 1720 26 19 de
2016 1721 79 23 prison
2114 1721 59 18 dans
2192 1721 31 18 les

1706 1746 131 19 conditions
1857 1746 127 18 suivantes:
2006 1750 31 14 au
2056 1745 71 19 début
2147 1745 77 19 d'août

1706 1771 55 19 1934.
1776 1771 20 18 le
1812 1771 33 18 Dr
1858 1770 128 22 Leisegang
2000 1770 64 18 avait
2078 1769 91 19 déclaré
2184 1774 30 18 pu-

1706 1795 142 22 bliquement
1869 1799 44 17 que
1935 1794 77 19 Hitler
2046 1794 91 19 devrait
2171 1795 52 18 bien

1705 1819 109 19 s'arrêter
1828 1819 27 20 de
1869 1819 77 22 parler
1959 1823 40 14 car
2013 1819 14 18 il
2043 1824 115 18 prononce
2174 1820 40 17 tou-

1705 1848 65 17 jours
1790 1844 20 18 le
1832 1842 74 19 même
1933 1842 96 20 liscours
2051 1842 115 20 électoral.
2188 1843 35 18 En

1706 1870 67 16 outre
1790 1868 15 19 il
1822 1867 77 19 aurait
1916 1867 101 22 exprimé
2033 1873 26 13 sa
2076 1869 103 21 surprise
2197 1868 27 18 de

1707 1896 50 14 voir
1775 1897 30 13 un
1824 1892 81 18 ancien
1926 1893 91 21 caporal
2037 1897 89 13 comme
2148 1892 76 18 Hitler

1706 1916 103 19 célébrer
1832 1917 22 17 la
1876 1915 110 19 mémoire
2009 1916 30 18 du
2062 1916 83 18 défunt
2168 1916 57 18 feld-

1706 1940 126 20 maréchal.

1732 1966 35 17 Au
1781 1970 68 14 cours
1862 1964 30 18 du
1905 1964 74 20 débat,
1993 1965 19 18 le
2026 1966 134 22 professeur
2175 1965 40 18 Lei-

1706 1994 89 18 segang
1808 1988 96 24 prétend
1918 1989 64 18 aveir
1996 1990 67 18 voulu
2076 1990 148 22 simplement

1706 2013 49 20 dire
1777 2013 192 23 qu'Hindenburg
2003 2014 101 18 n'aurait
2141 2014 83 22 jamais

1707 2037 70 23 pensé
1797 2042 45 18 que
1861 2042 43 14 son
1923 2038 92 18 oraison
2034 2038 98 18 funèbre
2153 2039 71 18 serait

1707 2065 130 19 prononcée
1856 2067 30 13 un
1904 2062 53 21 Jour
1974 2067 43 18 par
2037 2067 31 14 un
2087 2063 100 22 caporal.
2207 2063 17 18 Il

1707 2085 120 20 reconnaît
1848 2086 65 19 avoir
1932 2088 55 16 tenu
2007 2086 40 19 des
2068 2092 84 18 propos
2172 2092 43 14 con-

1707 2113 98 16 cernant
1826 2112 19 18 le
1865 2111 104 18 discours
1988 2110 109 20 électoral
2119 2111 106 21 d'Hitler,

1706 2135 53 18 bien
1781 2139 44 18 que
1847 2133 106 23 l'inculpé
1972 2135 34 19 ait
2026 2138 131 20 appartenu
2179 2141 46 13 aux

1706 2159 103 22 Casques
1830 2159 90 20 d'acier,
1941 2158 55 21 dont
2017 2160 14 18 il
2053 2165 15 13 a
2089 2160 70 19 fondé
2180 2165 45 14 une

1707 2184 88 18 section
1811 2184 15 18 à
1843 2184 92 22 Leipzig
1950 2188 29 14 en
1995 2184 50 19 1923
2060 2187 23 16 et
2100 2185 52 18 bien
2170 2186 55 21 qu'il

1706 2208 35 18 ait
1756 2207 37 19 été
1807 2207 74 19 classé
1897 2212 42 18 par
1954 2208 96 19 l'avocat
2065 2208 94 23 général
2174 2215 43 17 par-

1706 2232 32 18 mi
1756 2232 33 18 les
1805 2237 58 17 gens
1880 2236 44 18 que
1942 2232 43 18 l'on
2004 2233 48 18 doit
2069 2234 110 22 qualifier
2197 2234 27 18 de

1708 2255 176 20 réactionnaire.

1733 2281 30 19 Le
1779 2281 133 22 professeur
1927 2280 133 25 Leisegang,
2075 2282 103 19 titulaire
2194 2285 30 16 du

1707 2305 52 22 prix
1776 2305 97 22 Lessing
1890 2310 29 13 en
1937 2305 55 20 1929.
2010 2312 14 12 a
2041 2305 36 19 été
2095 2306 129 19 condamné

1707 2334 58 17 pour
1785 2330 153 22 propagation
1956 2330 188 20 d'informations
2164 2336 52 13 men-

1706 2353 111 23 songères
1832 2356 23 17 et
1870 2352 78 20 arrêté
1961 2355 172 23 sur-le-champ.

1169 3644 34 23 La
1225 3644 100 23 célèbre
1347 3644 108 28 pianiste
1479 3644 135 27 hongroise
1638 3642 49 24 LUI

1169 3672 92 24 Krauss
1281 3673 50 27 qui,
1350 3679 58 15 sous
1426 3673 35 22 les
1479 3672 116 27 auspices
1613 3672 31 22 de
1663 3672 24 21 la

1168 3701 94 22 Maison
1278 3700 77 26 d'Art,
1369 3701 121 23 donnera,
1504 3707 31 15 au
1551 3701 126 20 Conserva-

1167 3729 72 26 toire,
1261 3729 22 23 le
1305 3729 125 22 mercredi
1452 3729 13 21 5
1489 3728 140 26 décembre,
1653 3735 31 15 un

1300 3757 89 22 récital
1411 3757 31 22 dc
1467 3757 84 27 piano.

1163 3839 34 39 Le
1213 3838 124 48 banquet
1352 3837 36 39 de
1405 3837 196 39 l'Automobile
1617 3836 66 40 Club

1190 3926 34 18 De
1262 3925 151 19 nombreuses
1450 3923 170 24 personnalités
1657 3928 26 14 se

1162 3951 134 19 trouvaient
1311 3949 91 20 réunies
1417 3950 122 18 dimanche
1553 3949 55 18 midi
1624 3949 58 18 dans

1163 3976 33 18 les
1215 3976 82 18 Salons
1316 3975 27 20 de
1363 3974 161 20 l'Automobile
1544 3974 63 19 Club,
1625 3978 58 18 pour

1163 4002 98 17 assister
1277 4005 30 14 au
1324 4000 69 18 lunch
1410 3999 150 19 traditionnel
1579 3998 73 21 offert
1669 3998 15 18 à

1163 4026 122 19 l'occasion
1306 4026 29 18 du
1355 4025 68 18 Salon
1443 4024 28 19 de
1490 4024 167 18 l'Automobile.

1190 4051 30 19 M.
1241 4051 52 18 Van
1317 4050 145 19 Cauwelaert
1486 4048 154 23 représentait
1663 4049 20 17 le

1163 4076 192 22 gouvernement;
1374 4074 14 19 à
1406 4074 50 19 côté
1472 4075 28 19 de
1518 4074 37 22 lui,
1573 4074 20 18 le
1610 4074 72 18 baron

1163 4101 124 19 Nothomb.
1309 4100 118 24 président
1449 4100 31 18 du
1502 4098 89 20 Comité
1612 4098 62 19 direc-

1163 4127 52 18 teur
1230 4126 31 18 du
1277 4126 28 18 R.
1321 4126 25 18 A.
1363 4125 24 19 C.
1403 4125 32 20 B..
1453 4123 113 25 présidait
1582 4124 22 18 la
1620 4123 61 18 table

1164 4151 133 20 d'honneur,
1333 4149 97 19 entouré
1464 4149 28 19 de
1527 4149 55 18 MM.
1616 4148 68 19 Gold-

1165 4176 93 23 schmit,
1282 4174 119 25 président
1423 4175 30 18 du
1477 4174 102 18 XXVIIe
1603 4173 79 21 Salon;

1163 4202 75 18 comte
1254 4201 85 18 Baillet
1354 4200 97 21 Latour;
1470 4199 126 18 Duchaine.
1613 4197 61 24 prési-

1163 4226 55 19 dent
1238 4226 30 18 du
1286 4225 104 23 Touring
1410 4224 67 21 Club;
1498 4224 102 21 Hansez;
1622 4224 52 22 Ray-

1163 4251 70 18 mond
1253 4250 132 20 Vaxelaire;
1406 4250 76 18 comte
1502 4249 179 20 d'Oultremont;

1162 4275 117 21 Joassart;
1296 4275 27 19 de
1340 4274 87 21 Meuse;
1443 4273 118 23 Langlois;
1578 4273 104 21 d'Houst,

1163 4304 43 15 etc.

1189 4333 35 17 Au
1242 4332 96 19 dessert,
1357 4331 29 18 M.
1405 4330 119 19 Nothomb
1541 4330 46 23 prit
1605 4331 22 17 la
1644 4334 30 18 pa-

1163 4357 48 19 role
1224 4361 31 14 au
1270 4361 52 13 nom
1337 4356 30 18 du
1380 4355 44 19 duc
1438 4355 94 20 d'Ursel,
1547 4356 80 17 retenu
1641 4359 42 19 par

1165 4387 29 13 un
1212 4382 61 18 deuil
1291 4380 85 19 récent.
1393 4380 18 19 Il
1429 4380 67 23 porta
1511 4384 31 13 un
1559 4380 61 18 toast
1637 4384 47 14 aux

1163 4407 176 22 organisateurs
1359 4405 31 19 du
1411 4405 69 18 Salon
1501 4405 57 19 dont
1579 4405 16 18 il
1615 4405 59 18 souli-

1163 4436 45 19 gne
1227 4431 141 19 l'excellente
1386 4432 76 17 tenue.

1189 4463 120 19 Abordant
1329 4462 90 19 ensuite
1440 4462 33 18 les
1492 4460 130 25 problèmes
1642 4461 38 24 qui

1162 4487 139 20 intéressent
1312 4486 166 24 spécialement
1489 4487 193 20 l'automobiliste,

1164 4513 14 18 i'
1199 4513 102 23 rappelle
1321 4516 44 14 une
1386 4512 105 19 nouvelle
1510 4512 46 18 fois
1577 4512 105 18 combien

1163 4538 53 18 sont
1233 4537 129 19 excessives
1380 4538 32 17 les
1429 4537 65 18 taxes
1512 4536 28 18 de
1556 4537 77 18 toutes
1649 4541 25 13 es-

1163 4562 67 23 pèces
1244 4562 56 18 dont
1314 4563 53 17 sont
1381 4560 82 24 grevés
1478 4562 33 18 les
1525 4561 148 18 automobilis-

1164 4589 41 18 tes.
1223 4587 19 19 Il
1259 4586 102 24 rappelle
1379 4587 62 18 aussi
1458 4586 83 22 qu'une
1561 4586 39 18 des
1617 4591 57 17 ques-

1163 4613 61 18 tions
1243 4612 38 22 qui
1300 4612 47 18 doit
1365 4610 213 24 particulièrement
1596 4611 87 18 retenir

1164 4637 131 19 l'attention
1314 4637 40 18 des
1373 4635 113 20 autorités
1505 4636 121 24 publiques
1646 4637 36 17 est

1164 4663 56 18 celle
1234 4662 28 18 de
1277 4663 22 17 la
1314 4661 160 18 coordination
1491 4661 40 18 des
1545 4665 95 19 moyens
1655 4661 27 18 de

1164 4688 138 22 transports.
1316 4686 33 18 La
1365 4685 160 25 prééminence
1541 4686 30 18 du
1585 4686 43 18 rail
1642 4690 41 14 sur

1164 4713 22 18 la
1204 4712 66 18 route
1287 4716 29 15 ne
1333 4711 49 18 doit
1400 4715 42 18 pas
1461 4710 49 18 être
1528 4709 94 20 assurée
1639 4715 44 18 par

1164 4737 40 18 des
1233 4741 95 18 moyens
1355 4735 123 19 artificiels
1505 4735 43 19 tels
1576 4740 44 18 que
1650 4736 32 18 les

1164 4762 146 23 impositions
1340 4761 135 18 excessives,
1502 4760 61 18 mais
1590 4765 43 17 par
1662 4760 21 19 le

1164 4791 82 18 moyen
1262 4787 91 17 naturel
1368 4785 27 20 de
1412 4786 22 17 la
1449 4785 56 19 libre
1521 4790 161 14 concurrence.

1165 4812 77 18 Enfin,
1260 4811 110 18 l'orateur
1387 4810 112 18 s'attarda
1518 4809 14 19 à
1549 4810 134 19 démontrer

1163 4836 106 19 combien
1288 4836 14 19 il
1322 4835 106 22 s'impose
1448 4835 27 18 de
1493 4835 136 23 poursuivre
1646 4840 28 14 ar-

1166 4862 117 18 demment
1307 4859 176 19 l'amélioration
1508 4860 27 18 de
1560 4861 66 18 notre
1650 4859 24 20 ré-

1164 4891 56 13 seau
1235 4886 93 18 routier.

1190 4918 29 18 M.
1235 4917 52 18 Van
1304 4917 145 18 Cauwelaert
1464 4916 32 19 lui
1512 4915 97 21 succède
1624 4922 59 18 pour

1165 4941 146 20 reconnaître
1329 4945 44 19 que
1390 4941 33 18 les
1440 4941 78 18 routes
1535 4941 77 23 belges
1629 4943 54 18 sont

1165 4971 82 15 encore
1268 4967 46 18 loin
1334 4966 27 19 de
1382 4965 88 21 donner
1490 4966 155 21 satisfaction.
1664 4967 18 18 Il

1150 4998 4 21 j
1164 4992 86 22 ajoute,
1270 4995 46 14 non
1335 4995 54 14 .-ans
1408 4990 105 20 humour,
1532 4996 44 17 que
1595 4992 33 18 les
1644 4997 39 18 po-

1150 5009 4 30 |
1166 5018 68 17 teaux
1256 5016 141 19 indicateurs
1419 5020 28 14 ne
1469 5017 52 17 sont
1543 5021 42 18 pas
1606 5016 78 20 néces-

1150 5040 4 20 I
1165 5042 73 18 saires
1256 5045 46 15 aux
1321 5040 123 19 frontières
1456 5045 4 14 :
1481 5045 30 14 on
1530 5043 52 17 sent
1599 5047 44 18 par
1661 5042 23 19 la

1151 5062 3 22 !
1164 5067 62 18 seule
1243 5066 101 18 douceur
1358 5065 30 18 du
1404 5065 129 19 roulement
1547 5071 44 18 que
1607 5066 45 19 ''on
1668 5072 15 13 a

1150 5083 4 27 !
1165 5090 73 23 quitté
1255 5092 22 18 la
1293 5090 117 23 Belgique.
1428 5090 122 19 Vivement
1567 5092 116 22 applaudi,

1164 5117 20 18 le
1204 5116 107 18 ministre
1332 5114 88 26 précise
1439 5116 54 22 qu'il
1513 5116 94 19 veillera
1626 5117 47 18 acti-

1165 5142 91 18 vement
1272 5140 15 19 à
1305 5145 25 13 ce
1347 5144 44 18 que
1408 5140 44 18 l'on
1470 5145 28 13 ne
1516 5140 97 23 procède
1630 5142 53 22 plus

1164 5164 12 20 â
1198 5165 41 19 des
1260 5165 99 19 travaux
1378 5169 30 14 au
1429 5165 78 19 rabais
1527 5166 39 22 qui
1588 5166 95 20 coûtent

1164 5195 28 13 en
1210 5189 120 19 définitive
1346 5190 51 23 plus
1414 5190 56 18 cher
1484 5189 14 20 à
1515 5191 71 19 l'Etat
1603 5192 24 18 et
1643 5192 40 22 qui

1164 5216 41 17 ont
1224 5220 29 13 en
1273 5216 67 17 outre
1358 5219 59 18 pour
1436 5214 97 20 résultat
1554 5215 130 20 d'éventrer

1165 5240 33 17 les
1222 5240 101 22 grandes
1346 5239 63 19 voies
1435 5240 27 18 de
1487 5241 196 19 communication

1165 5264 103 23 pendant
1284 5265 22 17 la
1321 5264 51 23 plus
1389 5264 88 23 grande
1492 5265 75 23 partie
1584 5266 28 18 de
1628 5266 46 19 l'an-

1165 5287 49 20 née.

1191 5320 80 19 Victor
1285 5320 58 18 Boln
1359 5320 46 23 prit
1420 5321 89 18 ensuite
1525 5322 23 18 la
1560 5322 79 23 parole
1653 5327 31 14 au

1166 5350 54 13 nom
1238 5345 28 18 de
1283 5345 23 18 la
1321 5349 79 18 presse
1416 5345 24 19 et
1456 5345 30 19 M.
1502 5346 116 23 Langlois,
1634 5346 41 24 pré-

1165 5370 77 19 sident
1262 5370 27 19 de
1306 5370 23 18 la
1349 5370 154 20 Commission
1522 5371 109 23 sportive,
1650 5373 34 18 lut

1167 5396 21 18 le
1207 5394 116 24 palmarès
1344 5394 27 18 de
1391 5394 89 20 l'année
1499 5396 22 20 et
1543 5395 89 20 félicita
1651 5398 34 18 les

1168 5420 139 23 vainqueurs
1328 5419 39 19 des
1387 5420 87 23 grands
1493 5421 51 23 prix
1564 5422 27 18 de
1610 5422 65 23 Belgi-

1168 5449 51 19 que.

1706 2410 88 31 DEUX
1811 2411 166 31 PASTEURS
1992 2412 35 31 SE
2044 2414 183 30 DISPUTENT

1746 2453 42 30 LA
1811 2453 122 30 CHAIRE
1957 2454 96 30 D'UNE
2076 2455 111 30 EGLISE

1825 2497 22 28 A
1872 2496 233 31 SCHOENEBERG

1899 2558 92 26 Berlin,
2014 2559 14 21 2
2055 2558 141 23 décembre.

1742 2586 68 22 lieux
1839 2588 113 25 pasteurs
1980 2593 26 15 se
2034 2589 56 20 sont
2118 2587 108 28 disputé.

1709 2614 169 27 aujourd'hui,
1906 2615 22 23 la
1957 2614 85 22 chaire
2073 2616 30 20 dc
2133 2615 93 27 l'église

1709 2643 150 25 Saint-Paul,
1878 2643 14 21 à
1912 2642 182 29 Schoenebcrg.
2114 2643 112 29 quartier

1709 2671 127 21 sud-ouest
1858 2671 30 22 de
1908 2670 91 23 Berlin.

1743 2699 32 21 Le
1801 2701 101 26 pasteur
1925 2699 125 26 Habenan,
2074 2700 30 21 de
2128 2699 99 27 l'Eglise

1709 2727 221 23 confessionnelle,
1947 2728 43 27 qui
2010 2728 82 21 devait
2112 2728 115 27 prêcher.

1710 2761 30 15 en
1755 2762 14 15 a
1785 2755 38 21 été
1838 2755 119 27 empêché
1973 2762 46 21 par
2033 2757 21 21 k
2069 2757 102 26 pasteur
2186 2756 42 21 Pe-

1711 2785 58 21 ters,
1802 2784 113 21 chrétien
1946 2784 125 21 allemand
2107 2784 121 21 national-

1711 2811 136 22 socialiste.
1872 2811 104 22 Celi'i-ci
2003 2812 57 21 s'est
2089 2811 99 22 installé
2214 2812 14 21 à

1711 2839 92 28 l'orgue
1828 2841 23 19 et
1874 2846 12 14 a
1910 2839 55 27 joué
1989 2845 64 21 pour
2079 2840 103 21 couvrir
2205 2840 22 21 la

1711 2867 57 21 voix
1789 2867 30 21 de
1837 2873 46 15 son
1902 2867 119 28 collègue;

1741 2895 67 22 Pour
1826 2896 87 21 mettre
1931 2895 35 22 fin
1985 2897 13 21 à
2015 2897 63 20 cette
2095 2895 75 23 scène
2188 2895 29 27 pé-

1711 2923 69 23 nible
1806 2923 62 22 dans
1893 2929 48 16 une
1967 2923 84 26 église,
2076 2924 21 21 le
2127 2926 101 25 pasteur

1713 2950 116 23 lïabenau
1856 2951 93 28 profita
1976 2952 57 21 d'un
2061 2954 109 20 moment
2197 2952 30 21 de

1711 2980 95 22 silence
1822 2982 24 19 et
1862 2979 78 22 invita
1957 2980 34 22 les
2006 2980 89 21 fidèles
2111 2980 14 22 à
2142 2980 21 21 le
2179 2980 38 21 sui-

1712 3014 50 16 vre.
1780 3008 17 23 Il
1818 3014 128 21 prononça
1964 3014 45 15 son
2028 3014 100 16 sermon
2147 3010 23 20 ct
2188 3008 30 22 cé-

1712 3036 68 21 lébra
1803 3036 21 21 le
1844 3035 96 22 service
1961 3037 70 22 divin
2051 3043 30 15 en
2100 3036 69 28 plein
2189 3037 39 21 air

1712 3064 91 22 devant
1823 3064 100 27 l'église.

1744 3092 35 22 L'n
1807 3092 92 22 millier
1923 3092 30 22 de
1980 3092 88 22 fidèles
2093 3094 43 20 ont
2162 3092 64 22 suivi

1711 3127 45 15 son
1792 3120 140 22 invitation,
1963 3120 84 22 tandis
2080 3121 147 27 qu'environ

1712 3148 114 22 soixante
1856 3147 126 22 chrétiens
2010 3149 138 21 allemands
2178 3155 40 16 res-

1712 3177 76 22 taient
1804 3177 14 21 à
1835 3175 138 23 l'intérieur
1989 3177 32 22 du
2038 3177 98 27 temple.

1775 3250 17 18 <(
1804 3238 70 30 Nous
1891 3244 95 31 autres,
2006 3240 158 30 volontaires

1876 3281 32 29 de
1929 3282 131 30 1914...»

1939 3330 86 24 Berlin,
2045 3332 12 17 2
2077 3330 126 20 décembre.

1739 3359 11 12 «
1758 3354 23 19 Si
1801 3354 20 18 lc
1840 3354 49 19 Bon
1911 3354 58 20 Dieu
1987 3356 143 18 n'entendait
2148 3360 41 18 pas
2208 3357 21 18 la

1713 3377 156 23 plaisanterie,
1891 3379 22 22 je
1936 3383 28 15 ne
1985 3380 109 20 voudrais
2117 3385 41 17 pas
2180 3380 49 18 être

1714 3408 30 13 au
1760 3403 42 18 ciel
1812 3411 17 12 y.

1738 3427 68 18 Forts
1821 3429 27 18 de
1862 3432 37 15 ces
1913 3428 89 23 paroles
2017 3430 30 18 du
2060 3429 96 19 docteur
2169 3429 52 18 Mar-

1711 3451 35 18 tin
1763 3451 92 22 Luther,
1872 3452 33 19 les
1921 3452 140 20 volontaires
2078 3453 28 19 de
2122 3454 51 18 1914
2189 3455 40 17 ont

1712 3477 115 21 entrepris
1851 3476 27 18 de
1902 3477 101 23 corriger
2026 3483 42 17 par
2090 3482 45 14 une
2157 3478 72 19 satire

1713 3500 136 23 vigoureuse
1867 3501 51 18 tout
1936 3505 24 14 ce
1980 3502 39 22 qui
2037 3502 50 19 leur
2104 3502 77 23 paraît
2198 3503 23 18 in-

1712 3525 149 22 supportable
1885 3525 57 19 dans
1966 3527 22 19 la
2011 3527 36 19 vie
2069 3527 108 23 publique
2200 3528 30 19 du

1714 3549 45 18 III"
1777 3549 81 23 Reich.

1739 3573 31 19 Ils
1785 3575 41 17 ont
1842 3573 70 20 fondé
1929 3579 43 14 une
1988 3580 69 14 revue
2073 3576 158 19 bi-mensuelle

1711 3597 38 22 qui
1766 3598 65 23 porte
1850 3598 20 18 le
1887 3598 55 19 titre
1958 3600 83 20 «Nous
2058 3602 79 18 autres
2153 3601 67 18 volon-

1713 3621 70 20 taires
1804 3623 27 18 de
1852 3623 49 18 1914
1912 3628 18 13 ».

1737 3646 32 18 Le
1790 3647 40 18 ton
1852 3647 27 18 de
1901 3648 22 18 la
1943 3652 69 15 revue
2032 3650 97 18 tranche
2149 3655 40 14 sur
2209 3650 21 18 le

1711 3669 47 20 zèle
1781 3672 98 18 souvent
1898 3672 83 19 servile
2001 3674 39 22 qui
2062 3675 34 17 est
2119 3675 27 18 de
2168 3673 61 25 règle

1711 3694 60 19 dans
1796 3695 22 18 la
1838 3700 79 18 presse
1939 3696 56 19 mise
2016 3703 30 14 au
2068 3703 41 17 pas
2131 3700 23 17 et
2174 3699 57 19 dont

1710 3723 26 14 se
1760 3720 119 22 plaignent
1901 3720 33 19 les
1956 3721 113 20 autorités
2092 3723 138 18 nationales-

1710 3743 130 20 socialistes
1856 3744 158 21 elles-mêmes.
2030 3747 35 20 En
2082 3752 32 14 un
2131 3747 99 23 langage

1712 3768 60 23 plein
1787 3769 28 18 de
1830 3768 97 19 verdeur
1939 3771 39 21 qui
1991 3771 102 22 rappelle
2106 3771 115 19 consciem-

1713 3794 64 17 ment
1799 3794 19 17 le
1842 3794 39 17 ton
1903 3793 40 19 des
1964 3794 130 24 tranchées,
2116 3797 22 18 la
2160 3796 71 22 petite

1712 3821 70 14 revue
1807 3818 114 22 s'attaq-c
1946 3823 30 14 au
2004 3819 56 20 faux
2084 3820 146 18 militarisme

1711 3841 28 18 de
1760 3841 21 19 la
1800 3841 37 18 vie
1857 3841 155 23 quotidienne.

1737 3866 19 18 Il
1777 3866 57 21 faut,
1855 3865 86 20 dit-elle
1967 3867 102 20 déraidir
2089 3873 30 14 un
2141 3873 43 19 peu
2204 3873 26 14 ce

1712 3889 117 23 perpétuel
1852 3889 161 24 garde-à-vous
2035 3894 74 18 moral
2130 3895 39 20 qui
2194 3893 27 19 de-

1711 3915 64 18 vient
1792 3919 43 14 une
1853 3913 111 20 véritable
1984 3920 100 19 crampe.

1738 3939 36 18 On
1798 3939 28 18 lit
1850 3939 58 18 dans
1933 3939 22 19 la
1980 3945 77 17 presse
2081 3943 28 18 de
2134 3942 96 21 longues

1713 3963 141 19 discussions
1875 3962 132 24 théoriques
2029 3971 41 14 sur
2091 3966 33 19 les
2146 3966 84 19 limites

1711 3987 27 18 de
1760 3988 21 18 la
1802 3987 97 22 critique
1921 3987 58 20 dans
2000 3989 64 19 l'état
2084 3991 144 21 autoritaire,

1712 4010 120 23 déplorent
1849 4012 33 19 les
1899 4012 146 23 volontaires,
2063 4016 22 17 et
2103 4015 49 19 rien
2171 4015 58 18 n'est

1712 4036 90 23 changé
1820 4040 58 19 pour
1895 4036 55 20 cela.

1738 4061 31 17 Le
1794 4061 33 18 Dr
1851 4061 112 19 Goebbels
1987 4066 29 14 ne
2041 4064 55 21 peut
2119 4065 112 21 pourtant

1712 4089 41 17 pas
1769 4084 91 24 ajouter
1874 4084 16 19 à
1905 4089 41 15 son
1962 4086 119 20 ministère
2097 4088 28 18 de
2142 4089 23 19 la
2180 4093 41 18 pro-

1713 4109 105 22 pagande
1840 4114 45 13 une
1907 4110 87 19 section
2016 4111 122 19 d'humour
2161 4117 60 18 popu-

1712 4132 63 21 laire,
1793 4132 145 20 assurent-ils
1956 4135 96 19 ensuite.
2069 4136 54 19 Cela
2141 4136 48 20 doit
2204 4141 25 13 se

1712 4157 59 18 faire
1789 4157 26 18 de
1832 4157 125 19 soi-même.

1738 4182 31 18 Us
1797 4186 25 14 se
1847 4181 118 23 plaignent
1988 4188 44 18 que
2058 4185 120 23 beaucoup
2203 4185 29 18 de

1713 4205 182 19 fonctionnaires
1914 4206 30 18 du
1965 4209 60 20 parti
2045 4209 177 19 national-socia-

1712 4230 51 18 liste
1783 4235 28 13 ne
1830 4230 137 22 supportent
1986 4236 41 18 pas
2047 4234 22 18 la
2088 4234 98 22 critique
2206 4234 22 18 et

1711 4258 25 14 se
1768 4256 125 21 proposent
1922 4256 161 21 ouvertement
2106 4258 28 18 de
2158 4258 33 19 les
2215 4262 15 18 y

1710 4280 155 17 accoutumer.
1889 4279 62 19 Pour
1972 4280 103 21 justifier
2096 4282 61 18 cette
2179 4281 41 24 pré-

1710 4302 97 22 tention,
1825 4304 28 18 ils
1869 4303 72 18 citent
1959 4304 39 20 des
2019 4307 115 21 exemples
2150 4311 69 14 carac-

1711 4326 133 24 téristiques
1862 4327 28 18 de
1907 4328 71 19 satire
1996 4330 110 23 politique
2124 4336 28 13 en
2171 4332 49 17 Rus-

1709 4351 35 18 sie
1761 4351 133 23 soviétique.

1736 4375 43 19 Les
1794 4375 141 20 volontaires
1948 4376 118 21 déclarent
2079 4379 67 23 qu'ils
2159 4378 61 23 jouis-

1711 4402 51 17 sent
1778 4401 27 17 de
1820 4401 21 18 la
1859 4400 74 23 pleine
1947 4403 153 21 approbation
2114 4403 30 19 du
2160 4404 59 18 chan-

1711 4424 69 19 celier
1798 4424 76 18 Hitler
1891 4424 116 20 lui-même
2025 4428 24 17 et
2067 4427 26 19 ils
2112 4428 107 22 reprodui-

1711 4450 52 17 sent
1785 4453 45 14 une
1853 4449 68 18 lettre
1943 4450 31 18 du
1996 4451 77 22 major
2095 4452 133 19 Herrmann

1711 4473 119 21 Goertsch,
1852 4473 29 18 du
1903 4473 119 20 ministère
2043 4476 27 18 de
2091 4477 22 18 la
2134 4477 86 18 Reichs-

1710 4498 71 20 wehr,
1794 4498 39 23 qui
1848 4497 91 19 déclare
1951 4501 161 18 ouvertement
2126 4504 104 19 appuyer

1711 4521 62 20 leurs
1793 4522 92 18 efforts.
1906 4521 111 23 Jusqu'ici
2038 4529 77 15 aucun
2136 4525 93 22 journal

1712 4546 115 19 allemand
1848 4546 37 18 n'a
1907 4550 82 15 encore
2010 4548 43 18 fait
2075 4549 103 19 mention
2198 4549 31 18 du

1711 4575 106 15 nouveau
1840 4570 132 23 périodique
1993 4573 120 22 satirique.
2136 4573 31 19 Ce
2189 4574 39 21 qui

1710 4596 87 17 semble
1819 4595 106 22 indiquer
1947 4600 44 17 que
2014 4596 21 18 le
2058 4597 120 19 ministère
2201 4598 28 18 de

1711 4618 21 22 la
1751 4619 152 23 Propagande
1921 4619 31 18 du
1969 4620 72 19 Reich
2062 4623 35 18 est
2115 4621 113 22 peut-être

1711 4643 89 23 surpris
1816 4644 27 18 de
1860 4645 22 17 la
1897 4643 99 19 verdeur
2012 4645 27 18 de
2054 4646 61 18 cette
2130 4646 99 22 critique

1712 4670 22 17 et
1756 4668 36 18 n'a
1814 4673 41 17 pas
1876 4672 82 13 encore
1979 4669 47 21 pris
2046 4671 61 20 parti
2128 4675 59 17 pour
2207 4671 20 17 la

1711 4692 104 18 nouvelle
1833 4692 109 23 politique
1958 4692 28 18 de
2002 4698 79 17 presse
2095 4693 134 24 préconisée

1711 4720 42 18 par
1769 4717 32 18 les
1819 4715 140 21 volontaires
1976 4717 28 18 de
2020 4717 57 20 1914.

1728 4767 35 29 M.
1787 4767 109 30 Buresch
1918 4773 39 23 est
1988 4771 84 28 arrivé
2093 4772 16 27 à
2131 4771 81 29 Rome

1943 4829 80 20 Rome.
2043 4832 12 17 2
2075 4830 128 21 décembre.

1733 4854 29 19 M.
1784 4853 147 20 BURESCH,
1955 4854 107 19 ministre
2097 4856 132 19 autrichien

1708 4878 38 19 des
1768 4879 121 20 Finances,
1924 4880 35 16 est
1993 4878 77 20 arrivé
2097 4886 26 14 ce
2145 4881 49 18 soir
2214 4879 16 20 à

1707 4903 82 18 Rome.

1786 4967 128 38 L'hôpital
1936 4969 212 32 antiuberculeux

1863 5022 17 17 «
1900 5009 134 31 Mussolini
2055 5023 17 17 »

1785 5064 16 18 a
1823 5053 41 29 été
1885 5053 125 34 inauguré
2030 5054 16 28 à
2068 5053 81 32 Rome

1941 5127 80 22 Rome,
2041 5128 12 18 2
2075 5127 128 20 décembre.

1732 5153 31 21 M.
1784 5151 121 20 Mussolini
1927 5156 14 13 a
1961 5152 84 19 assisté
2067 5159 25 13 ce
2113 5154 74 18 matin
2210 5152 14 19 à

1707 5177 180 23 l'Inauguration
1906 5175 31 18 du
1956 5178 81 17 nouvel
2058 5177 88 23 hôpital
2166 5178 49 18 anti-

1706 5201 152 19 tuberculeux
1876 5199 40 23 qui
1934 5201 64 21 porte
2021 5214 7 4 .
2046 5206 42 14 son
2108 5206 61 14 nom.

1732 5225 121 23 L'hôpital,
1873 5224 21 19 le
1915 5223 52 23 plus
1988 5226 75 21 grand
2083 5226 30 18 du
2134 5225 90 20 monde,

1707 5249 89 20 s'étend
1813 5254 41 14 sur
1871 5248 56 19 280.C
1942 5248 12 17 3
1970 5248 87 20 mètres
2074 5250 78 18 carr5s
2169 5250 56 18 dont

1706 5274 71 19 28.500
1798 5273 107 20 couverts
1926 5271 27 19 de
1975 5272 132 21 bâtiments.

1733 5299 19 18 Il
1770 5303 15 14 a
1802 5296 67 21 coûté
1886 5296 26 19 50
1928 5297 101 19 millions
2048 5298 27 18 de
2094 5299 61 18 lires.

1711 5421 58 34 LA

1853 5370 232 32 PROPAGEZ

1816 5417 197 37 NATION
2063 5420 163 36 BELGE

2443 471 22 29 A
2487 469 93 31 ROME

2274 550 78 73 Au
2383 547 190 74 Comité
2602 554 151 63 mixte

2376 651 53 60 de
2462 651 37 59 la
2525 648 122 61 Sarre

2248 770 40 30 Un
2309 770 112 36 premier
2442 766 94 31 accord
2558 777 15 18 a
2596 766 41 28 été
2658 763 118 38 paraphé

2442 808 136 32 dimanche

2468 865 84 24 Rome,
2569 864 13 21 3
2600 862 141 23 décembre.

2281 896 46 22 Les
2345 897 103 20 travaux
2469 893 32 23 du
2520 891 97 24 Comité
2636 891 44 22 des
2698 890 32 21 III
2749 891 22 20 et

2252 925 43 22 des
2320 925 101 26 experts
2448 921 111 27 français
2584 922 23 20 et
2635 918 138 23 allemands

2251 959 63 22 pour
2332 953 21 21 la
2372 953 73 22 Sarre
2464 950 155 22 aboutissent
2636 950 64 20 cette
2719 947 54 22 nuit

2249 982 12 21 à
2281 982 44 21 des
2344 980 116 22 résultats
2480 979 130 25 beaucoup
2630 976 55 27 plus
2703 975 60 22 subs-

2251 1009 99 22 tantiels
2379 1014 47 22 que
2455 1008 34 21 les
2519 1005 141 23 difficultés
2689 1005 31 21 de
2751 1005 21 21 la

2250 1037 116 24 dernière
2383 1036 78 24 heure
2480 1041 32 16 ne
2530 1036 22 21 le
2571 1033 128 22 laissaient
2719 1031 44 29 pré-

2251 1066 62 21 voir.

2282 1094 31 21 Le
2328 1092 97 23 Comité
2440 1092 43 21 des
2495 1091 31 21 III
2545 1091 41 27 qui
2602 1089 80 22 s'était
2700 1088 70 22 réuni

2250 1128 47 15 une
2317 1120 124 29 première
2460 1120 48 21 fois
2525 1122 39 20 cet
2582 1117 158 29 après-midi,
2758 1117 13 22 à

2252 1150 26 22 16
2295 1150 98 24 heures,
2410 1150 22 20 et
2450 1154 47 16 une
2515 1147 111 22 seconde
2642 1146 58 23 fois,
2716 1151 57 16 vers

2249 1179 29 20 23
2296 1178 98 23 heures,
2413 1183 12 15 a
2443 1176 94 28 permis
2555 1181 48 16 aux
2622 1175 101 28 experts
2741 1173 31 22 de

2250 1206 102 27 parafer
2370 1212 30 14 un
2420 1205 102 21 accord.

2280 1234 44 22 Cet
2342 1233 92 22 accord
2454 1232 90 22 définit
2564 1231 144 22 l'ensemble
2728 1230 44 22 des

2249 1261 120 23 créances
2389 1262 30 21 de
2440 1261 21 21 la
2485 1260 95 23 France
2600 1263 23 19 et
2644 1266 29 15 en
2696 1259 64 28 parti-

2250 1290 80 21 culier
2351 1290 51 21 fixe
2424 1291 21 21 le
2467 1288 93 24 chiffre
2580 1294 48 22 que
2650 1287 111 22 l'Allema-

2249 1323 47 21 gne
2310 1323 60 15 aura
2385 1318 13 21 à
2414 1323 77 22 payer
2505 1323 30 16 au
2551 1316 58 22 titre
2624 1317 44 21 des
2683 1316 88 21 mines.

2281 1346 43 21 Cet
2344 1346 102 24 accord,
2466 1351 48 16 une
2537 1345 48 21 fois
2607 1344 121 29 paraphé,
2750 1344 21 21 le

2249 1373 96 22 Comité
2361 1374 43 21 des
2419 1373 30 21 III
2465 1380 12 14 n
2492 1373 127 28 suspendu
2632 1380 26 14 sa
2672 1372 99 22 séance.

2283 1402 35 21 L'n
2341 1407 46 21 peu
2406 1401 73 28 après
2499 1408 21 14 ni
2525 1401 6 21 i
2535 1402 62 24 nuit,
2616 1401 35 22 les
2671 1403 100 26 experts

2251 1429 111 27 français
2392 1431 23 20 et
2446 1429 138 22 allemands
2615 1431 41 19 ont
2689 1429 82 28 repris

2251 1459 65 23 leurs
2329 1459 104 20 travaux
2447 1458 51 21 afin
2513 1458 30 22 de
2555 1459 88 20 mettre
2655 1464 29 15 au
2700 1458 69 27 point

2250 1486 109 21 d'autres
2380 1485 107 22 accords
2509 1486 41 27 qui
2574 1487 123 26 pourront
2719 1485 52 22 être

2251 1513 124 28 paraphés
2394 1514 62 21 dans
2475 1515 21 20 la
2514 1513 61 23 nuit.

2282 1542 52 22 l'ne
2364 1541 117 22 dernière
2509 1542 90 22 séance
2620 1542 32 21 du
2674 1542 97 21 Comité

2250 1570 44 21 «les
2314 1569 32 22 III
2365 1576 60 15 aura
2446 1569 48 23 Heu
2515 1570 100 22 demain
2636 1570 87 22 matin.
2740 1582 31 5 —

2251 1597 88 22 Havas.

2270 1656 101 60 Les
2395 1657 148 60 états
2574 1657 176 61 baltes

2325 1747 35 59 à
2390 1745 54 61 la
2477 1745 49 62 S.
2551 1745 59 62 D.
2635 1746 58 61 N.

2290 1863 36 29 Ils
2344 1868 96 24 auront
2455 1872 49 21 une
2523 1864 207 34 représentation

2314 1920 136 21 commune
2466 1921 53 20 aux
2535 1913 168 34 organismes

2435 1963 31 26 de
2482 1961 99 29 Genève

2439 2012 109 26 Tallinn,
2566 2011 13 23 2
2598 2012 142 22 décembre.

2284 2047 18 21 A
2327 2046 84 23 l'issue
2436 2047 31 22 de
2490 2048 22 22 la
2539 2047 124 27 première
2686 2047 75 22 confé-

2252 2081 74 16 rence
2349 2075 30 22 de
2405 2075 124 22 l'Entente
2553 2075 73 26 balle,
2649 2082 32 15 un
2704 2081 56 16 com-

2253 2103 118 27 muniqué
2388 2109 13 15 a
2419 2103 38 21 été
2475 2103 85 28 public
2577 2103 83 22 disant
2678 2106 83 20 notam-

2252 2133 68 20 ment
2341 2131 60 28 qu'il
2423 2137 16 21 y
2461 2138 13 14 a
2496 2130 50 23 lieu
2568 2131 31 22 de
2621 2137 149 21 poursuivre

2251 2166 61 15 avec
2335 2159 108 22 ténacité
2465 2161 22 20 et
2511 2159 118 23 d'accord
2652 2166 60 16 avec
2736 2161 35 21 les

2251 2189 83 20 autres
2352 2187 148 22 Puissances
2516 2188 103 22 l'oeuvre
2635 2189 31 22 de
2683 2188 79 22 raffer-

2254 2218 143 19 missement
2421 2216 30 21 de
2472 2216 21 21 la
2515 2216 59 27 paix
2594 2216 64 22 ainsi
2680 2223 48 21 que
2750 2217 22 20 le

2253 2244 185 23 renforcement
2457 2244 30 22 de
2504 2245 21 20 la
2543 2244 108 22 sécurité
2667 2245 64 21 dans
2749 2245 21 21 la

2254 2275 81 25 partie
2361 2272 31 22 de
2418 2272 117 28 l'Europe
2561 2273 14 20 à
2602 2272 107 28 laquelle
2737 2273 35 21 les

2253 2301 123 21 membres
2399 2300 30 22 de
2451 2299 122 24 l'Entente
2595 2300 65 22 balle
2682 2307 80 22 appar-

2253 2329 121 21 tiennent.

2284 2363 33 22 La
2331 2362 152 23 conférence
2498 2369 13 16 a
2527 2363 89 22 décidé
2631 2363 142 23 d'affirmer

2252 2398 48 15 une
2318 2392 48 21 fois
2384 2392 31 21 de
2431 2392 56 27 pius
2504 2392 22 22 la
2544 2391 97 22 fidélité
2660 2392 30 21 de
2708 2391 53 23 l'En-

2254 2420 65 22 tente
2333 2420 66 21 balte
2413 2426 30 15 au
2460 2422 71 25 pacte
2546 2420 31 22 de
2591 2420 22 21 la
2628 2420 24 21 S.
2666 2419 27 23 D.
2707 2420 28 21 N.
2749 2422 22 20 et

2252 2448 30 21 de
2296 2447 140 28 participer
2449 2448 30 21 de
2493 2448 74 27 façon
2585 2448 124 22 intensive
2722 2454 49 15 aux

2254 2479 104 18 travaux
2389 2477 31 21 de
2450 2477 64 20 cette
2545 2476 150 22 institution.
2729 2476 44 22 Les

2254 2505 62 21 trois
2342 2510 62 22 pays
2427 2504 153 22 confirment
2612 2506 13 21 à
2659 2510 113 16 nouveau

2254 2532 53 22 leur
2339 2532 106 22 attitude
2479 2532 128 22 favorable
2632 2537 91 18 envers
2749 2532 23 22 le

2255 2561 79 27 projet
2351 2561 30 21 de
2398 2562 72 26 pacte
2486 2561 107 21 oriental
2610 2560 163 22 d'assistance

2254 2589 124 21 mutuelle.
2397 2582 31 28 La
2448 2588 151 23 conférence
2618 2595 22 17 a.
2658 2589 30 22 de
2708 2589 64 28 plus,

2254 2616 89 22 décidé
2358 2617 31 21 de
2405 2616 149 28 poursuivre
2568 2617 203 27 énergiqucnienl

2255 2645 22 21 la
2304 2644 189 22 consolidation
2520 2645 44 22 des
2590 2644 65 23 liens
2681 2645 90 22 établis

2253 2675 70 19 entre
2349 2673 35 21 les
2408 2673 62 23 Irois
2495 2679 62 22 pays
2582 2679 46 22 par
2653 2673 21 22 le
2699 2675 74 21 traite

2253 2702 126 21 d'entente
2399 2703 23 20 et
2445 2701 31 22 de
2497 2701 183 22 collaboration
2702 2702 70 27 signé

2255 2728 22 24 le
2301 2730 28 20 12
2351 2730 140 27 septembre
2515 2729 109 22 dernier.

2287 2768 52 22 Elle
2356 2774 21 18 a,
2396 2774 30 15 en
2445 2770 79 23 outre,
2542 2768 90 22 décidé
2650 2769 113 27 d'organi-

2254 2802 39 15 ser
2327 2802 48 15 une
2407 2796 200 28 représentation
2638 2802 134 17 commune

2255 2824 43 21 des
2320 2824 62 22 trois
2405 2824 67 22 Etats
2494 2830 48 16 aux
2566 2825 155 27 organismes
2741 2826 32 21 de

2254 2851 22 23 la
2292 2852 23 21 S.
2331 2852 29 21 D.
2375 2851 28 22 X.
2418 2854 23 20 et
2458 2852 43 22 des
2517 2853 164 22 conférences
2698 2853 65 21 inter-

2256 2880 139 22 nationales
2409 2883 22 19 et
2448 2880 141 23 d'élaborer
2603 2888 63 21 pour
2681 2882 21 21 la
2718 2887 46 22 pro-

2254 2909 90 22 chaine
2369 2909 152 22 conférence
2546 2916 31 15 un
2603 2910 81 27 projet
2709 2915 63 23 pour

2257 2937 22 21 la
2303 2937 150 28 liquidation
2477 2937 58 22 d'un
2562 2937 127 23 différend
2715 2944 48 21 pou-

2255 2967 58 20 vant
2346 2965 207 22 éventuellement
2585 2966 83 28 surgir
2700 2968 72 20 entre

2253 3000 57 17 eux.

2252 3072 253 95 CHRONIQUE
2532 3072 237 83 JUDICIAIRE

2301 3204 83 20 COUR
2410 3204 128 19 D'APPEL
2563 3205 42 18 DE
2630 3204 93 20 LIEGE

2363 3235 132 19 L'accident
2509 3237 29 18 de
2554 3236 115 19 Bierwart

2350 3260 186 19 Condamnation
2555 3260 126 18 confirmée

2281 3292 31 18 Le
2327 3292 38 18 1er
2378 3293 91 21 janvier
2482 3293 27 19 de
2523 3293 60 17 cette
2596 3291 74 19 année
2691 3296 30 14 un
2738 3291 26 23 pé-

2256 3317 60 18 nible
2330 3317 107 19 accident
2447 3321 26 15 se
2485 3315 114 25 produisit
2612 3316 14 19 à
2639 3317 135 18 Bierwaert.

2255 3342 30 19 M.
2297 3341 85 20 CIém_.
2394 3344 9 17 t
2415 3341 125 24 Régimont
2553 3341 122 23 négociant
2688 3341 14 19 à
2715 3341 60 23 Huy,

2255 3367 126 18 traversait
2397 3368 61 17 cette
2475 3365 91 20 localité
2583 3371 28 14 en
2629 3367 56 18 auto
2701 3371 25 14 se
2743 3366 22 19 di-

2255 3392 92 22 rigeant
2360 3396 53 14 vers
2426 3391 96 21 Namur,
2536 3391 78 22 quand
2628 3396 30 13 au
2672 3392 103 17 moment

2256 3415 30 19 où
2305 3415 15 19 il
2340 3415 118 23 dépassait
2479 3415 59 19 deux
2558 3414 96 23 piétons,
2674 3415 14 18 il
2707 3416 67 16 entra

2256 3446 28 14 en
2301 3441 104 18 collision
2422 3445 56 14 avec
2497 3445 44 14 une
2558 3440 56 19 auto
2632 3439 83 24 pilotée
2733 3444 43 18 par

2255 3465 104 19 Armand
2386 3464 121 23 Docquier,
2534 3464 25 19 19
2586 3469 49 17 ans,
2663 3464 112 22 étudiant,

2256 3490 216 23 qu'accompagnait
2503 3489 29 19 M.
2562 3489 88 19 Gaston
2682 3489 85 18 Fréson

2256 3514 123 24 négociant
2406 3514 15 19 à
2447 3513 270 20 Lundcnne-sur-Meuse.
2744 3513 31 19 Ce

2256 3539 93 19 dernier
2366 3539 36 19 fut
2420 3538 141 24 légèrement
2580 3537 79 21 blessé,
2677 3538 60 19 mais
2756 3539 19 17 le

2255 3564 70 23 p.lote
2340 3564 27 18 de
2384 3564 21 18 la
2422 3564 87 18 voiture
2525 3564 61 21 reçut
2605 3563 39 19 des
2661 3563 114 18 blessures

2256 3588 213 23 particulièrement
2486 3592 89 19 graves.
2595 3587 16 18 Il
2630 3588 38 18 eut
2687 3588 79 18 notam-

2256 3614 62 18 ment
2334 3613 21 18 la
2370 3613 96 18 colonne
2480 3611 128 19 vertébrale
2623 3611 74 19 brisée
2712 3614 23 17 et
2750 3617 25 13 se

2256 3638 81 18 trouve
2360 3642 82 15 encore
2464 3637 164 18 actuellement
2650 3636 59 19 dans
2731 3641 44 14 une

2257 3662 105 22 clinique,
2381 3660 120 24 incapable
2520 3661 27 19 de
2565 3666 24 13 se
2608 3661 111 19 mouvoir.

2281 3686 66 19 Cette
2363 3686 86 19 affaire
2466 3686 49 18 vint
2533 3685 84 19 devant
2635 3685 20 20 le
2672 3685 102 19 tribunal

2257 3710 167 19 correctionnel
2445 3710 28 18 de
2495 3709 96 21 Namur,
2613 3709 19 18 le
2655 3709 23 18 14
2702 3708 73 24 juillet

2256 3736 98 19 dernier.
2368 3734 125 24 Régimont
2507 3735 37 18 fut
2558 3734 129 19 condamné
2701 3733 15 19 à
2730 3738 44 14 une

2255 3760 98 19 amende
2370 3760 27 19 de
2413 3760 58 18 3.500
2486 3760 29 18 fr.
2530 3759 30 18 du
2576 3759 55 18 chef
2647 3758 26 18 de
2690 3758 76 19 blessu-

2257 3790 36 14 res
2312 3785 171 18 involontaires.
2500 3784 19 18 Il
2538 3784 36 18 fut
2593 3788 27 14 en
2639 3783 66 19 outre
2723 3787 42 14 con-

2257 3808 84 20 damné
2360 3808 15 19 à
2395 3813 70 19 payer
2484 3808 14 19 à
2519 3807 86 19 Fréson
2625 3807 58 19 3.191
2702 3807 29 20 fr.
2750 3807 25 19 35

2256 3834 27 18 de
2307 3832 241 24 dommages-intérêts
2571 3834 23 18 et
2615 3837 30 13 au
2669 3831 53 24 père
2744 3832 31 18 du

2256 3858 69 21 jeune
2346 3857 111 21 étudiant,
2477 3857 29 18 M.
2528 3856 103 18 Armand
2653 3855 121 23 Docquier.

2255 3882 125 19 secrétaire
2402 3882 131 19 communal
2555 3880 14 20 à
2591 3881 184 19 Lnndenne-sur-

2255 3907 86 22 Meuse.
2370 3912 44 14 une
2444 3905 125 19 indemnité
2598 3906 176 21 provisionnelle

2255 3932 27 19 de
2298 3931 71 19 80.000
2385 3931 29 19 fr.

2281 3956 30 20 M.
2332 3955 126 24 Régimont
2479 3955 29 18 fit
2528 3955 65 22 appel
2617 3955 27 18 de
2665 3959 25 14 ce
2711 3955 55 22 juge-

2255 3983 64 16 ment
2338 3982 23 17 et
2381 3979 100 19 l'affaire
2501 3981 34 17 est
2555 3983 73 14 venue
2647 3979 86 18 devant
2752 3979 22 18 la

2256 4010 56 14 cour
2331 4005 88 22 d'appel
2438 4004 28 19 de
2484 4003 74 23 Liège.
2578 4003 91 19 Celle-ci
2689 4008 15 14 a
2722 4008 43 14 con-

2256 4028 69 20 firmé
2347 4029 121 23 purement
2489 4028 22 20 et
2532 4028 147 22 simplement
2700 4028 20 18 le
2740 4027 26 23 ju-

2255 4055 93 21 gement
2371 4054 26 17 de
2418 4053 96 20 Namur,
2535 4053 51 18 tant
2608 4056 30 14 au
2660 4052 64 22 point
2747 4052 27 18 de

2257 4083 42 13 vue
2316 4077 66 23 pénal
2400 4077 68 23 qu'au
2485 4077 65 23 point
2567 4076 28 18 de
2612 4081 42 14 vue
2672 4076 59 19 civil.

2275 4115 83 19 COUR
2382 4114 148 19 D'ASSISES
2555 4114 41 18 I>U
2623 4114 138 18 HAINAT-T

2277 4146 128 18 L'assassin
2428 4145 30 19 du
2478 4144 125 24 gendarme
2627 4143 74 19 Blicki
2722 4149 27 13 se

2252 4169 107 26 pourvoit
2377 4175 28 15 en
2424 4169 117 20 cassation
2559 4170 71 17 avant
2648 4166 127 21 l'audience

2281 4202 65 19 Ainsi
2362 4207 43 18 que
2422 4206 58 14 nous
2496 4201 86 18 l'avons
2598 4199 111 21 annoncé,
2726 4200 40 18 l'af-

2255 4227 60 18 faire
2333 4226 149 19 d'assassinat
2502 4225 29 18 du
2549 4224 117 19 maréchal
2685 4224 40 19 des
2744 4225 21 17 lo-

2256 4252 36 22 gis
2316 4251 28 18 de
2368 4250 161 24 gendarmerie
2554 4249 112 22 Polydoie
2693 4248 80 22 Blicki.

2256 4276 73 19 (.•'Ath.
2342 4280 13 13 a
2368 4274 36 20 été
2418 4274 60 20 fixée
2491 4274 14 18 à
2518 4274 126 18 l'audience
2656 4273 30 18 du
2702 4272 22 18 17
2737 4272 28 18 dé-

2255 4300 98 20 cembre,
2373 4300 59 18 mais
2453 4297 97 20 l'accusé
2569 4297 102 22 Georges
2692 4297 82 18 Herre-

2256 4324 74 22 godts.
2351 4324 127 18 marchand
2500 4322 28 18 de
2549 4321 103 18 volailles
2672 4321 14 18 à
2707 4320 67 18 Ghis-

2255 4349 114 21 lenghien.
2399 4348 126 22 invoquant
2554 4351 45 14 une
2628 4346 146 22 irrégularité

2256 4373 58 18 dans
2332 4373 22 18 la
2372 4371 126 24 procédure
2515 4372 38 22 qui
2572 4371 29 18 l'a
2620 4369 98 23 renvoyé
2737 4370 28 18 de-

2255 4397 56 18 vant
2330 4397 20 19 le
2368 4397 54 22 jury
2441 4397 30 17 du
2489 4396 110 19 Hainaut.
2620 4395 63 18 vient
2702 4395 27 17 de
2749 4400 24 13 se

2256 4422 108 22 pourvoir
2381 4426 28 14 en
2426 4420 125 19 cassation.

2280 4446 18 18 Il
2315 4446 35 18 est
2367 4445 109 23 probable
2492 4449 44 18 que
2551 4444 24 18 la
2590 4444 61 18 Cour
2666 4443 107 22 suprême

2255 4475 55 13 aura
2334 4471 45 17 sta"
2384 4469 27 19 ué
2433 4474 40 15 sur
2492 4474 27 13 ce
2540 4468 94 23 pourvoi
2656 4468 73 18 avant
2751 4468 23 17 la

2255 4494 53 18 date
2333 4493 60 20 fixée
2418 4498 57 18 pour
2498 4493 126 18 l'audience
2648 4492 65 20 mais,
2738 4492 34 19 s'il

2255 4523 27 14 er
2299 4519 35 18 est
2349 4518 139 19 autrement,
2504 4517 100 18 l'affaire
2620 4517 89 18 devrait
2725 4516 49 19 être

2256 4542 112 22 renvoyée
2385 4541 16 19 â
2418 4546 44 15 une
2480 4542 67 18 autre
2565 4541 95 18 session.

2297 4578 157 19 TRIBUNAL
2472 4576 261 20 CORRECTIONNEL

2412 4601 167 21 D'AVESNKS

2361 4634 33 18 Iji
2417 4632 82 20 fraude
2521 4633 41 17 des
2583 4632 77 21 bijoux

2279 4671 44 19 Les
2343 4671 58 19 deux
2420 4675 128 18 voyageurs
2567 4670 38 22 qui
2626 4669 77 18 furent
2724 4674 41 14 sur-

2255 4697 54 21 pris,
2329 4700 30 13 un
2378 4695 53 23 jour
2450 4695 27 18 de
2497 4695 23 18 la
2539 4694 102 18 semaine
2661 4693 111 22 dernière,

2256 4725 28 13 en
2309 4725 55 17 gare
2389 4720 28 18 de
2442 4718 113 23 Feignies,
2580 4718 58 18 dans
2664 4718 109 22 l'express

2256 4743 201 19 Bruxelles-Paris,
2483 4742 62 18 alors
2570 4741 67 23 qu'ils
2663 4740 100 19 introdui-

2254 4769 75 18 saient
2347 4767 214 19 frauduleusement
2579 4771 27 14 en
2626 4766 88 18 France
2732 4766 41 19 des

2255 4793 78 22 bijoux
2350 4792 28 18 de
2396 4792 85 20 valeur,
2499 4793 41 16 ont
2557 4795 111 17 comparu
2687 4790 86 19 devant

2254 4817 19 18 le
2290 4816 101 20 tribunal
2406 4816 167 18 correctionnel
2589 4819 58 18 pour
2662 4819 15 17 y
2693 4814 70 23 répon-

2254 4841 40 18 dre
2312 4841 30 18 du
2360 4840 54 18 délit
2431 4840 38 22 qui
2487 4840 49 18 leur
2552 4838 58 19 était
2627 4838 116 23 reproché.

2279 4865 33 18 La
2329 4865 91 20 femme.
2438 4864 60 18 Mme
2516 4863 141 22 Marguerite
2676 4863 96 20 Hubert,

2254 4888 83 24 épouse
2362 4888 113 20 Gerbnud,
2500 4887 137 19 demeurant
2659 4886 15 19 à
2697 4887 76 18 Saint-

2254 4912 91 21 Mandé,
2357 4917 13 13 a
2382 4912 99 18 soutenu
2493 4915 44 19 que
2550 4911 32 18 les
2594 4911 77 22 bijoux
2685 4911 86 18 étaient

2253 4943 26 13 sa
2305 4936 115 24 propriété
2447 4936 149 23 personnelle,
2623 4936 78 18 tandis
2728 4940 44 18 que

2253 4967 41 13 son
2310 4965 143 18 compagnon
2471 4960 27 19 de
2514 4964 93 18 voyage,
2623 4960 20 18 le
2657 4960 62 22 sujet
2733 4965 30 14 au-

2254 4986 98 18 trichien
2376 4985 106 18 Wilhelm
2507 4984 79 20 Groos.
2610 4983 123 23 négociant
2758 4984 15 19 à

2253 5010 95 19 Anvers,
2368 5009 68 22 après
2456 5009 65 18 avoir
2541 5009 43 18 fait
2605 5013 45 14 une
2670 5009 94 18 déclara-

2253 5035 48 17 tion
2319 5034 123 21 identique,
2459 5038 12 13 a
2490 5032 78 23 ajouté
2584 5033 53 22 qu'il
2655 5033 57 18 était
2728 5034 36 18 dis-

2254 5057 55 23 posé
2324 5056 14 19 à
2352 5056 98 24 prendre
2465 5062 40 13 sur
2519 5057 30 18 lui
2564 5057 64 17 toute
2644 5057 21 17 la
2680 5060 82 18 respon-

2253 5081 91 20 sabilité
2360 5081 27 19 de
2403 5082 107 19 l'affaire,
2527 5082 49 17 afin
2594 5081 27 19 de
2638 5082 56 17 tirer
2711 5082 61 18 Mme

2253 5106 107 19 Gerbaud
2386 5106 27 18 de
2439 5106 18 17 la
2485 5106 111 18 situation
2622 5105 150 22 désagréable

2254 5130 57 19 dans
2328 5130 98 22 laquelle
2442 5131 42 18 elle
2502 5135 24 13 se
2541 5130 108 18 trouvait.

2277 5154 32 19 Le
2326 5153 101 19 tribunal
2445 5159 13 13 a
2476 5153 116 24 prononcé
2608 5153 14 19 à
2639 5154 86 23 charge
2743 5155 28 17 de

2253 5179 89 18 chacun
2361 5178 40 20 des
2419 5178 120 23 prévenus,
2557 5183 44 14 une
2620 5179 65 21 peine
2704 5179 26 18 de
2747 5179 26 18 20

2252 5203 65 22 jours
2350 5202 28 19 de
2410 5203 84 22 prison,
2527 5202 242 20 conditionnellement

2253 5232 57 17 pour
2325 5227 22 18 la
2364 5227 85 18 femme
2464 5228 28 19 et.
2507 5226 68 23 après
2590 5227 65 18 avoir
2669 5228 99 18 ordjnn-'
2766 5234 6 7 1

2253 5252 22 17 la
2290 5251 153 19 confiscation
2461 5253 40 18 des
2517 5251 77 22 bijoux
2610 5256 30 13 au
2657 5252 71 21 profit
2745 5253 28 17 de

2253 5275 202 19 l'administration
2485 5276 40 18 des
2552 5275 108 22 douanes,
2688 5277 75 19 consti-

2254 5298 52 19 tuée
2322 5299 75 22 partie
2414 5299 72 19 civile,
2502 5299 15 18 il
2533 5305 13 13 a
2562 5299 122 22 prononcé,
2699 5300 15 19 à
2729 5304 42 14 son

2253 5323 111 21 bénéfice,
2389 5325 20 19 le
2434 5326 123 21 payement
2581 5324 66 19 d'une
2673 5326 99 19 amende

2255 5348 80 19 fiscale
2359 5348 27 19 de
2410 5348 70 19 2R.0QO
2505 5349 33 19 fr..
2563 5348 162 23 représentant
2749 5350 21 19 la

2253 5373 80 17 valeur
2350 5372 39 19 des
2408 5373 77 22 bijoux
2504 5372 100 19 fraudés.

2281 5396 29 18 M.
2325 5396 72 19 Groo.s
2414 5404 10 11 q
2443 5396 196 19 immédiatement
2655 5397 71 20 offert
2744 5398 28 18 de

2253 5421 117 19 transîcpr
2389 5424 28 17 e*.
2437 5426 25 14 sa
2483 5422 141 22 proposition
2645 5425 71 20 ayant
2735 5423 28 20 et.

2254 5444 113 24 acceptée,
2385 5446 14 18 il
2417 5450 19 18 a.
2453 5445 105 23 aussitôt,
2576 5446 36 19 été
2628 5447 78 20 libéré.

2823 207 33 43 Le
2879 206 119 53 congrès
3020 207 35 43 de
3075 206 28 44 la
3125 205 165 44 Fédération

2985 269 147 44 Nationale

2823 331 50 43 des
2893 331 106 44 Jeunes
3022 332 108 43 Gardes
3150 331 135 44 libérales

2827 419 134 21 Dimanche,
2978 420 53 18 s'est
3048 421 56 17 tenu
3126 420 14 19 à
3157 420 125 22 Bruxelles,
3299 420 21 18 le

2800 443 97 23 congrès
2918 444 29 18 de
2968 445 21 18 la
3013 444 138 19 Fédération
3172 444 41 20 des
3233 445 87 19 Jeunes

2801 467 88 20 Gardes
2905 468 113 20 libérales.

2826 493 36 18 Au
2883 493 88 19 bureau
2993 494 93 18 avaient
3109 495 46 21 pris
3179 494 63 22 place
3265 493 55 19 MM.

2802 516 162 23 Kempeneers,
2982 517 134 23 secrétaire;
3136 519 124 23 Destenay,
3276 518 35 20 tré-

2801 541 82 22 sorier;
2906 541 67 20 Metz.
2994 542 101 20 Dehoux.
3116 543 34 18 De
3170 543 150 20 Stobbelaire,

2801 565 121 22 Wymeels,
2940 566 198 23 vice-présidents;
3154 569 24 17 et
3193 568 76 18 divers
3283 566 29 20 dé-

2802 589 77 23 légués
2902 591 41 18 des
2966 591 107 21 sections,
3096 595 145 16 notamment
3266 592 54 19 MM.

2801 614 119 21 Janssens,
2941 615 58 19 Gust
3002 616 29 19 in.
3052 616 124 21 Houlman.
3197 617 50 18 Van
3268 617 53 19 Gla-

2802 639 80 20 bekke,
2898 640 42 17 etc.

2828 663 29 20 M.
2879 663 108 19 Fernand
3010 664 74 23 Blum,
3105 665 39 23 qui
3168 665 117 24 présidait,
3307 672 12 13 a

2801 689 116 21 prononcé
2936 689 20 17 le
2974 689 103 19 discours
3095 691 153 19 d'ouverture.
3266 691 46 19 Par-

2802 712 48 18 lant
2866 712 27 19 de
2909 712 23 19 la
2946 713 113 19 situation
3075 714 116 23 politique.
3207 716 30 18 M.
3252 715 68 18 Blum

2801 737 103 22 exprime
2919 742 42 14 son
2978 738 103 20 hostilité
3096 739 15 19 à
3127 740 21 18 la
3164 740 99 18 formule
3279 739 41 19 des

2802 761 73 22 pleins
2893 762 114 22 pouvoirs.

2826 790 11 12 «
2847 786 30 18 Ce
2892 786 108 24 système,
3016 787 130 22 ajoute-t-il,
3165 791 89 20 permet
3271 793 40 15 pra-

2801 809 129 23 tiquement
2944 812 27 18 de
2986 811 86 19 limiter
3086 812 32 20 les
3132 813 74 19 droits
3220 813 30 18 du
3265 813 46 18 Par-

2801 834 86 20 lement
2906 838 22 16 et
2948 836 28 18 de
2993 836 129 19 substituer
3140 837 15 19 à
3176 842 30 13 un
3225 842 87 18 gouver-

2801 861 95 16 nement
2910 860 47 18 issu
2972 860 28 18 de
3014 865 41 14 son
3070 860 50 19 sein
3135 866 44 14 une
3194 861 126 23 oligarchie

2801 883 27 18 de
2848 884 254 22 non-parlementaires.

2826 908 61 19 C'est
2906 908 20 19 le
2944 909 67 18 triste
3029 910 115 22 spectacle
3161 912 83 21 auquel
3263 916 57 14 nous

2800 933 114 18 assistons
2939 934 154 22 aujourd'hui.
3117 935 43 19 Les
3186 935 82 19 leviers
3292 937 28 17 dc

2801 957 137 19 commande
2960 960 53 17 sont
3035 958 89 20 confiés
3146 959 13 19 à
3182 959 40 19 des
3246 961 65 18 finan-

2801 982 59 18 ciers
2878 982 27 18 de
2923 983 22 18 la
2962 982 71 19 haute
3051 983 91 23 banque
3158 983 55 20 dont
3232 987 39 17 nul
3292 989 28 14 ne

2800 1006 95 19 connaît
2913 1007 33 18 les
2963 1009 87 18 secrets
3068 1008 110 18 desseins.
3197 1008 31 19 Le
3246 1013 74 19 vague

2800 1030 28 19 de
2858 1031 21 19 la
2908 1031 142 19 déclaration
3081 1031 157 20 ministérielle
3266 1038 46 17 aug-

2801 1058 77 16 mente
2899 1057 67 17 notre
2988 1055 113 20 défiance.
3108 1062 12 12 »

2828 1081 28 18 M.
2876 1080 67 19 Blum
2965 1081 71 18 invite
3055 1080 142 20 l'assemblée
3213 1082 15 19 à
3246 1082 65 19 discu-

2800 1106 36 17 ter
2851 1105 58 19 dans
2926 1106 20 17 le
2961 1105 81 20 calme,
3059 1105 51 23 puis
3127 1106 15 21 il
3158 1107 162 22 communique

2800 1133 45 15 une
2864 1129 142 23 proposition
3024 1130 40 19 des
3082 1131 119 21 jeunesses
3220 1136 92 14 commu-

2800 1154 72 19 nistes
2889 1155 39 22 qui
2945 1154 137 19 voudraient
3098 1155 103 19 discuter
3216 1160 55 14 avec
3288 1156 32 18 les

2799 1180 82 22 jeunes
2895 1179 84 22 gardes
2995 1178 106 19 libérales
3116 1186 10 11 «
3137 1180 32 17 les
3183 1184 95 18 moyens
3292 1180 28 17 Je

2800 1204 130 18 combattre
2950 1208 28 13 en
2996 1208 108 14 commun
3123 1204 20 18 la
3163 1203 109 24 politique
3290 1205 30 18 du

2800 1230 183 21 gouvernement
3007 1228 28 19 de
3060 1228 22 19 la
3106 1229 70 18 haute
3201 1229 93 18 finance
3304 1234 17 12 ».

2800 1253 66 19 Cette
2887 1252 143 23 proposition
3049 1255 35 16 est
3105 1257 24 14 re
3130 1252 61 22 jetée
3210 1258 43 18 par
3272 1253 40 18 l'as-

2798 1277 108 19 semblée.
2926 1277 92 19 Celle-ci
3038 1277 86 18 aborde
3145 1278 89 18 ensuite
3255 1278 65 18 l'exa-

2800 1304 64 17 ment
2881 1302 28 18 de
2928 1301 131 20 l'évolution
3077 1301 128 19 doctrinale
3223 1304 30 17 du
3272 1307 41 18 par-

2800 1327 24 19 ti.
2850 1327 36 19 Un
2911 1329 95 21 rapport
3030 1327 28 18 de
3086 1326 55 19 MM.
3166 1327 108 21 Houman
3298 1328 21 17 et

2799 1352 77 19 Janne
2899 1351 72 24 prône
2993 1355 45 15 une
3061 1350 117 20 économie
3200 1352 122 22 organisée

2798 1381 22 15 et
2845 1376 117 19 certaines
2986 1375 113 20 réformes
3122 1376 199 22 parlementaires,

2800 1403 146 17 notamment
2966 1401 21 19 la
3006 1400 153 19 constitution
3178 1400 27 19 de
3222 1401 100 18 conseils

2799 1426 135 19 auxiliaires
2957 1425 16 19 à
2996 1424 51 20 côté
3072 1425 31 19 du
3128 1425 140 20 Parlement.
3292 1425 30 19 M.

2800 1450 118 19 Danrieux
2945 1449 97 24 délégué
3063 1450 31 18 du
3117 1449 92 23 Centre,
3230 1449 92 19 déclare

2799 1479 44 19 que
2861 1475 20 18 le
2900 1474 61 24 parti
2979 1478 101 19 manque
3098 1474 28 18 de
3143 1473 111 20 doctrine.

2826 1505 10 13 k
2845 1500 19 19 II
2881 1500 53 18 faut
2949 1499 153 20 absolument,
3119 1498 67 22 dit-il,
3202 1504 45 18 que
3264 1503 58 14 nous

2801 1525 100 19 fassions
2926 1524 144 19 abstraction
3095 1523 28 19 de
3146 1528 42 16 nos
3212 1523 62 20 idées
3298 1523 15 19 li-

2799 1548 90 20 bérales
2914 1551 22 17 et
2961 1553 45 19 que
3030 1553 58 15 nous
3115 1552 58 15 nous
3198 1547 124 24 adaptions

2798 1578 46 15 aux
2865 1573 132 20 conditions
3018 1574 29 18 de
3069 1573 22 19 la
3113 1572 36 19 vie
3172 1572 149 23 économique

2800 1598 29 19 du
2847 1599 110 21 moment.

2825 1623 36 19 Un
2877 1622 96 24 délégué
2987 1622 28 19 de
3031 1622 108 19 Verviers
3155 1627 28 14 ne
3199 1624 54 17 veut
3271 1622 51 23 plus

2799 1647 50 19 voir
2869 1654 11 11 «
2889 1651 45 15 une
2956 1646 81 24 équipe
3058 1647 29 18 de
3107 1645 118 20 vieillards
3234 1652 11 12 »
3265 1646 14 20 à
3300 1647 20 19 la

2800 1671 46 19 tête
2860 1672 30 19 du
2904 1676 63 18 pays.
2983 1672 55 19 Puis
3052 1672 43 19 l'on
3111 1676 68 19 pa.-se
3192 1671 14 19 à
3220 1671 22 19 la
3256 1675 57 19 ques-

2799 1696 48 20 tion
2868 1697 31 19 du
2920 1696 85 21 Cartel.
3028 1696 39 19 «Il
3088 1701 15 19 y
3124 1702 16 13 a
3161 1701 28 15 en
3210 1696 111 23 Belgique

2801 1725 44 14 une
2872 1718 108 25 majorité
3006 1720 174 23 démocratique
3205 1719 108 19 anticléri-

2798 1747 56 19 cale,
2878 1746 117 22 proclame
3019 1746 29 18 M.
3072 1745 105 21 Hartert,
3199 1745 56 19 c'est
3279 1745 42 18 elle

2798 1770 54 22 qu'il
2874 1770 52 19 faut
2947 1773 78 19 porter
3045 1775 31 13 au
3098 1770 103 22 pouvoir.
3209 1775 11 11 »
3243 1769 79 23 Quant

2799 1799 44 14 aux
2860 1794 150 23 catholiques,
3029 1794 14 19 il
3061 1795 32 19 les
3111 1794 70 18 traite
3199 1794 51 20 tout
3267 1794 45 19 sim-

2798 1819 102 22 plement
2918 1820 28 18 de
2964 1826 10 10 «
2984 1819 108 18 fascistes
3101 1824 20 14 ».
3137 1819 55 19 Puis
3209 1818 21 19 le
3246 1818 74 19 même

2799 1845 94 17 orateur
2917 1843 43 19 fait
2982 1842 80 25 l'éloge
3083 1843 31 20 du
3137 1843 54 23 plan
3214 1843 30 20 du
3266 1843 46 19 Tra-

2799 1868 52 19 vail.
2873 1867 31 19 Ce
2924 1868 105 19 discours
3049 1870 34 16 est
3105 1868 100 22 ponctué
3225 1867 28 19 de
3275 1868 46 19 cris

2799 1892 28 19 de
2849 1899 10 11 «
2868 1894 20 18 A
2909 1893 42 19 bas
2971 1893 22 19 la
3014 1893 87 18 calotte
3109 1898 11 12 »
3141 1894 23 17 et
3184 1893 56 18 c'est
3261 1892 59 19 dans

2799 1918 60 17 cette
2881 1918 54 17 note
2956 1921 45 19 que
3024 1921 25 15 se
3071 1917 99 19 termine
3192 1917 22 19 la
3235 1915 85 20 séance

2798 1942 31 18 du
2847 1942 80 19 matin.

2824 1965 166 24 L'après-midi,
3008 1966 43 19 l'on
3070 1970 68 19 passe
3156 1972 29 13 au
3203 1965 117 23 problème

2798 1990 28 18 de
2844 1991 123 18 l'inflation
2985 1993 23 17 et
3025 1990 29 19 de
3072 1991 22 19 la
3113 1989 120 20 déflation.

2825 2015 29 22 M.
2876 2016 102 19 Dehoux.
3001 2015 58 20 dans
3081 2020 41 16 son
3144 2017 108 26 rapport^
3267 2015 44 19 esti-

2798 2044 37 14 me
2854 2044 45 19 que
2920 2040 32 18 les
2975 2040 181 23 manipulations
3178 2037 142 22 monétaires

2799 2069 28 13 ne
2842 2064 149 19 sauveraient
3006 2069 41 18 pas
3063 2067 20 18 le
3099 2068 57 20 pays
3172 2063 28 20 de
3215 2065 22 18 la
3252 2064 67 20 crise,

2799 2090 58 18 mais
2877 2089 15 18 il
2912 2089 114 18 demande
3045 2094 44 17 que
3108 2088 40 20 des
3167 2093 104 16 mesures
3289 2088 21 19 lé-

2798 2113 119 23 gislatives
2937 2113 78 19 soient
3036 2114 73 22 prises
3132 2118 59 18 pour
3214 2114 106 19 abaisser

2798 2138 21 18 le
2835 2140 57 17 taux
2908 2138 28 18 de
2953 2137 101 20 l'intérêt
3070 2140 23 17 et
3110 2143 58 18 pour
3184 2138 98 23 adapter
3299 2139 20 18 le

2799 2163 96 22 pouvoir
2910 2162 91 19 d'achat
3015 2164 29 18 de
3058 2162 22 20 la
3095 2162 108 19 monnaie
3217 2167 46 15 aux
3276 2163 35 19 cir-

2798 2188 138 18 constances
2955 2186 162 23 économiques
3136 2189 23 17 et
3178 2192 47 15 aux
3245 2188 65 18 varia-

2798 2212 61 18 tions
2876 2212 28 18 de
2923 2211 90 19 l'index.

2824 2236 35 18 On
2876 2237 85 18 entend
2979 2236 114 23 plusieurs
3110 2238 113 18 orateurs,
3238 2237 40 22 qui
3293 2241 26 14 se

2799 2263 143 20 prononcent
2958 2261 81 18 contre
3054 2261 23 19 la
3092 2259 120 22 déflation.
3228 2260 82 20 Finale-

2799 2287 63 16 ment
2883 2290 29 14 un
2932 2284 68 19 ordre
3019 2285 31 19 du
3066 2285 54 23 jour
3137 2285 84 19 hostile
3238 2286 15 19 à
3271 2285 38 18 l'in-

2799 2309 83 19 flation
2900 2311 36 17 est
2953 2309 44 20 mis
3015 2314 46 15 aux
3079 2310 52 19 voix
3151 2311 24 17 et
3193 2311 36 17 est
3246 2309 73 23 rejeté

2798 2334 14 19 à
2826 2334 144 19 l'unanimité
2984 2335 75 19 moins
3074 2335 24 18 16
3111 2335 51 18 voix
3176 2335 143 18 etîabsten-

2800 2360 66 17 tions.
3087 2361 8 8 •

2824 2383 36 19 Un
2883 2385 68 17 autre
2973 2383 68 19 ordre
3062 2383 31 18 du
3116 2383 58 21 jour,
3199 2383 30 19 dû
3251 2384 16 19 à
3289 2383 29 19 M.

2799 2407 68 20 Motz,
2888 2410 36 16 est
2946 2407 84 23 adepte
3053 2412 42 19 par
3115 2409 26 18 63
3163 2409 52 18 voix
3238 2409 81 18 contre

2798 2432 26 18 20
2838 2433 22 18 et
2876 2432 25 19 10
2914 2432 152 19 abstentions.
3082 2433 18 18 Il
3115 2435 34 17 est
3166 2432 78 24 rédigé
3258 2437 52 14 com-

2799 2461 37 14 me
2854 2457 47 19 suit
2912 2462 5 13 :

2823 2481 30 18 Le
2866 2481 104 22 Congrès
2982 2481 129 19 condamne
3126 2481 21 18 In
3161 2482 111 23 polilique
3284 2483 23 17 in-

2795 2507 62 21 juste
2877 2508 24 16 et
2918 2506 137 19 unilatérale
3072 2506 29 19 de
3119 2506 113 23 déflation
3250 2511 59 18 pour-

2793 2531 75 18 suivie
2881 2535 43 18 par
2936 2531 21 17 le.
2969 2533 183 20 gouvernement
3165 2534 23 15 et
3201 2532 115 18 demattdc

2796 2560 45 17 que
2858 2556 64 18 toute
2938 2556 137 22 adaptation
3094 2557 127 18 monétaire
3237 2557 80 21 future

2794 2582 45 16 soit
2855 2581 58 21 faite
2928 2581 151 22 uniquement
3095 2582 59 17 dans
3169 2582 100 18 l'intérêt
3285 2583 30 17 du

2795 2609 64 18 puys.

2873 2666 95 52 ÇA
3012 2667 95 39 ET
3149 2668 91 39 LA

3086 2747 234 23 Belgique-Finlande

2828 2771 26 20 Le
2874 2772 90 19 mini--tre
2985 2772 23 19 de
3028 2772 96 20 Finlande
3144 2775 12 18 à
3177 2774 104 18 Bruxelles
3299 2778 19 15 et

2802 2796 54 20 Mme
2875 2797 60 19 Harn
2955 2797 73 19 Holma
3045 2802 33 15 ont
3096 2798 64 19 offert
3178 2804 26 13 un
3222 2798 96 24 déjeuner

2800 2828 25 13 en
2848 2822 104 19 l'honneur
2974 2823 34 19 des
3029 2824 98 18 membres
3149 2824 24 19 de
3195 2824 19 18 la
3236 2824 82 19 mission

2800 2847 87 22 spéciale
2908 2848 88 22 envoyée
3017 2854 24 13 en
3064 2848 95 20 Finlande
3180 2851 12 18 à
3213 2849 104 19 l'occasion

2800 2873 24 18 de
2845 2872 6 18 I
2852 2872 18 18 *a
2875 2877 100 14 i*«neni«it
2998 2873 26 18 du
3046 2873 29 18 roi
3097 2873 87 23 Lcopold
3208 2873 37 21 111.
3266 2874 51 18 ainsi

2799 2897 74 23 qu'aux
2895 2897 56 19 chefs
2979 2898 25 18 de
3031 2899 19 17 la
3078 2898 81 19 mission
3189 2900 128 21 cccinotnii[ue

2799 2922 55 23 belge
2871 2923 32 22 qui
2922 2923 59 18 visita
2999 2923 119 19 récemment
3136 2924 18 18 la
3173 2924 100 19 Finlande.

3061 2977 142 19 Circulation
3222 2977 97 19 rétablie

2827 3000 27 19 La
2874 3002 116 18 circulation
3010 3007 34 13 sur
3064 3002 18 18 la
3103 3006 56 15 route
3178 3003 25 18 de
3224 3002 92 20 Roulers-

2800 3025 74 20 Z.irren
2894 3032 44 13 sera
2959 3027 82 19 rétablie
3060 3028 11 18 â
3091 3028 61 21 partir
3171 3027 24 20 de
3213 3028 103 20 dimanche

2799 3052 12 18 2
2829 3052 104 19 d-.ceu.bre
2954 3053 54 18 19j4.

3088 3106 33 19 1,-a
3137 3106 96 19 mission
3251 3106 66 23 belge

2799 3130 75 22 dirigée
2895 3136 35 17 par
2950 3131 18 18 le
2988 3131 80 22 général
3090 3131 106 22 Gillieaux.
3216 3138 90 13 comman-

2798 3156 48 18 dant
2860 3156 23 18 de
2898 3154 156 25 l'aéronautique
3067 3157 62 21 belge,
3143 3157 32 23 qui
3191 3158 47 18 «fiait
3254 3163 61 13 venue

2799 3181 11 19 à
2826 3180 63 22 Paris,
2903 3184 29 16 est
2946 3182 86 21 repartie
3046 3182 26 18 du
3089 3182 84 21 Bourget
3190 3188 36 17 par
3239 3182 18 19 la
3274 3183 42 19 voie

2799 3205 34 19 des
2847 3206 41 18 airs
2903 3212 49 17 pour
2970 3206 108 20 Bruxelles.

2826 3230 27 19 La
2872 3231 81 19 mission
2972 3231 45 19 s'est
3036 3232 82 19 envolée
3137 3237 46 14 sous
3202 3233 28 18 les
3247 3233 68 19 ordres

2799 3256 26 18 du
2841 3256 81 20 colonel,
2938 3256 103 19 sous-chef
3056 3258 24 18 de
3096 3257 88 22 mission,
3201 3258 17 19 le
3234 3256 81 26 général

2800 3281 100 19 Gillieaux
2918 3281 52 19 étant
2990 3287 51 14 reste
3057 3285 12 18 à
3089 3283 63 18 Paris.

3040 3334 31 19 I^e
3085 3335 54 22 gala
3153 3335 30 19 de
3198 3335 90 19 l'Union

3010 3359 31 20 de
3056 3360 23 19 la
3096 3360 82 19 Presse
3192 3359 126 23 étrangère

2829 3384 25 19 Le
2874 3384 43 22 gain
2938 3384 23 19 de
2981 3384 82 20 l'Union
3081 3385 24 19 de
3125 3386 17 18 la
3163 3385 70 20 Presse
3252 3386 56 19 étran-

2799 3409 47 23 gère
2862 3410 53 18 lundi
2931 3410 93 22 prochain
3040 3412 10 16 .i
3065 3411 109 20 décembre,
3188 3412 12 19 à
3213 3411 24 18 20
3252 3411 19 19 h.
3286 3411 30 19 30.

2799 3440 26 14 au
2842 3435 77 19 théâtre
2935 3435 25 18 du
2979 3435 57 21 Parc,
3052 3439 129 19 comportera,
3198 3442 76 13 comme
3291 3442 25 13 on

2801 3460 17 19 le
2837 3460 45 20 sait,
2900 3466 25 13 au
2945 3460 37 18 lieu
3002 3460 23 19 de
3044 3461 89 18 «Chaud
3151 3465 17 15 et
3191 3461 58 19 Froid
3257 3467 18 16 ï-,
3293 3461 24 19 de

2803 3484 20 20 F.
2847 3484 159 23 Crommelynck,
3030 3485 131 21 l'émouvante
3185 3486 87 19 comédie
3294 3486 24 19 de

2803 3510 130 19 Porto-Riche
2953 3510 46 20 «Le
3018 3511 51 19 Vieil
3088 3511 103 20 homme*».

2826 3535 27 20 Ce
2872 3535 97 22 spectacle
2987 3541 43 14 sera
3048 3536 24 19 de
3089 3540 42 15 tout
3150 3537 84 21 premier
3252 3536 63 20 ordre.

2801 3561 175 22 L'interprétation
3012 3564 119 17 notamment
3166 3567 64 14 assur.
3237 3568 10 12 e
3282 3567 35 16 par

2800 3586 65 19 Mmes
2881 3586 107 19 Germaine
3006 3587 85 18 Dermoz
3107 3590 19 15 et
3145 3587 77 19 Marthe
3239 3586 76 24 Alycia.

2802 3611 52 19 MM.
2874 3611 70 20 Ernest
2967 3610 63 24 Ferny
3049 3616 19 15 el
3088 3611 48 23 Jean
3159 3611 94 23 Francey.
3272 3617 44 14 sera

2801 3637 23 18 de
2847 3636 19 19 la
2888 3636 44 22 plus
2953 3635 60 20 haute
3035 3637 81 20 (-ualité,
3142 3636 25 19 I.a
3190 3637 85 19 location
3297 3643 20 12 se

2804 3661 35 20 fait
2862 3666 25 14 au
2910 3661 77 21 théâtre
3009 3662 25 18 du
3059 3662 56 19 Parc.
3138 3662 68 19 Places
3228 3662 22 19 de
3272 3665 12 15 (,
3306 3663 10 18 à

2801 3687 25 18 60
2850 3686 73 20 francs.

2986 3743 50 18 Aux
3060 3742 98 20 Amitiés
3180 3742 138 23 Françaises

2829 3768 27 19 M.
2880 3768 53 19 René
2957 3768 112 22 Benjamin,
3093 3768 78 19 homme
3195 3769 23 18 de
3242 3768 75 19 lettres.

2801 3793 76 24 parlera
2893 3794 10 19 à
2919 3794 18 18 la
2951 3793 78 19 tribune
3043 3793 33 19 des
3091 3794 85 18 Amitiés
3192 3793 124 21 Françaises,

2800 3818 75 22 grande
2895 3818 48 19 salle
2963 3819 25 19 de
3007 3818 81 20 l'Union
3110 3819 107 19 Coloniale,
3238 3824 34 13 rue
3292 3819 24 18 dc

2800 3843 96 22 Stassart,
2912 3844 17 18 le
2946 3843 54 22 jeudi
3016 3845 12 17 6
3043 3844 111 21 décembre,
3169 3844 11 19 à
3196 3844 11 17 8
3222 3844 20 18 h.
3259 3844 31 19 30.

2827 3869 57 21 Sujet
2899 3875 4 12 :
2922 3869 59 18 Trois
2997 3869 84 22 grandes
3099 3868 76 23 figures
3193 3868 110 23 françaises
3310 3874 5 13 :

2803 3894 78 19 Barres.
2901 3894 135 20 Clemenceau,
3054 3893 68 23 Joffre

2827 3919 93 18 Location
2944 3924 48 17 pour
3016 3919 28 18 les
3066 3925 18 12 m
3087 3925 28 13 cm
3118 3919 50 23 lires,
3191 3919 18 21 9,
3232 3924 34 13 rue
3290 3918 25 18 du

2803 3944 96 22 Peuplier.
2918 3944 108 19 Bruxelles.

2801 3996 31 20 Le
2849 3995 93 20 Maiden
2959 3995 56 23 Trip
3030 3996 32 18 du
3080 4001 12 12 «
3100 3995 47 19 San
3149 3995 44 18 tos-
3195 3995 103 18 Dumont
3305 4000 11 12 »

2828 4021 26 20 l^e
2875 4021 89 18 courrier
2984 4021 68 19 aérien
3074 4028 10 11 a
3094 4021 35 19 Air
3151 4021 76 19 France
3235 4026 11 12 »
3268 4026 48 16 pour

2801 4046 121 23 l'Amérique
2941 4047 27 18 du
2990 4046 48 20 Sud,
3059 4046 51 23 parti
3123 4046 32 19 -de
3176 4045 103 20 Bruxelles
3299 4045 17 18 le

2799 4072 74 18 samedi
2891 4072 24 18 24
2932 4071 111 19 novembre,
3058 4075 28 15 est
3102 4071 67 18 arrivé
3186 4071 17 19 le
3218 4070 96 19 mercredi

2800 4097 24 18 28
2837 4096 113 20 novembre,
2963 4097 11 18 à
2989 4097 20 17 II
3024 4096 78 20 heures,
3114 4098 11 19 à
3139 4094 81 22 Rio-de-
3220 4094 82 24 Janeiro
3309 4101 5 14 ;

2800 4122 18 18 le
2832 4121 54 23 jeudi
2903 4122 24 18 29
2941 4121 112 20 novembre,
3068 4122 12 18 à
3095 4122 12 17 2
3122 4122 18 18 h.
3155 4122 31 19 40,
3200 4121 11 19 â
3229 4119 86 21 Buenos-

2802 4147 70 22 Ayres.
2893 4150 18 15 et
2934 4146 52 22 jeudi
3008 4147 12 17 2
3021 4148 6 10 (
3026 4148 7 14 >
3055 4146 112 20 novembre,
3187 4147 11 18 â
3221 4145 96 22 Santiago

2799 4172 25 18 du
2839 4172 58 20 Chili,
2913 4172 11 19 à
2941 4173 6 16 1
2955 4173 6 16 1
2977 4171 77 19 heures.

2824 4218 18 17 A
2864 4217 163 22 Ooq-sur-mer.
3046 4226 26 5 —
3092 4216 40 19 Vol
3152 4221 57 13 avec
3228 4216 77 18 effrac-

2794 4242 56 19 tion.
2851 4252 25 4 —
2892 4242 46 18 Des
2955 4243 112 17 inconnus
3082 4246 25 15 se
3121 4242 53 17 sont
3191 4241 126 18 introduite

2799 4267 102 22 pendant
2917 4267 24 19 la
2956 4266 51 19 nuit
3025 4267 57 18 dans
3098 4266 23 18 la
3137 4265 54 19 villa
3207 4265 99 22 apparte-

2798 4295 57 17 nant
2868 4290 14 19 à
2896 4291 29 18 M.
2937 4291 75 20 Emile
3026 4291 68 21 Hoet,
3107 4290 120 19 industriel
3242 4289 15 20 à
3269 4291 35 18 An-

2799 4321 51 14 vers
2867 4319 22 16 et
2904 4321 26 14 se
2944 4318 55 16 6ont
3016 4315 105 22 emparés
3139 4315 27 18 de
3184 4315 76 18 divers
3278 4316 28 18 ob-

2794 4341 46 22 jets
2857 4340 59 19 ainsi
2935 4345 45 18 que
2997 4341 27 17 de
3043 4340 58 18 deux
3121 4340 113 19 tableaux.

2825 4372 18 17 A
2863 4371 108 20 Ostende.
2988 4380 26 5 —
3030 4371 49 19 Vol.
3096 4380 26 5 —
3139 4371 36 18 Un
3194 4372 35 17 vol
3247 4376 15 14 a
3278 4371 36 19 été

2798 4397 97 18 commis
2914 4397 57 17 dans
2989 4396 32 19 les
3041 4396 81 18 locaux
3141 4396 27 18 de
3185 4396 129 19 l'ancienne

2798 4421 63 20 école
2877 4421 39 19 des
2930 4420 102 23 métiers,
3046 4425 29 13 ou
3092 4421 76 19 divers
3182 4421 76 22 objets
3274 4423 41 17 ont

2799 4445 36 19 été
2860 4445 95 19 dérobés
2980 4450 30 14 au
3035 4445 125 19 détriment
3197 4446 118 23 d'Eugène

2798 4471 59 20 Rau.

2823 4496 19 18 Il
2856 4501 15 17 y
2885 4500 14 14 a
2913 4501 27 15 eu
2954 4495 113 19 tentative
3082 4496 156 20 d'effraction.

3344 203 168 63 LaVie
3529 219 66 45 en
3614 202 255 61 Province

3379 324 41 21 'D<
3441 330 37 15 nos
3499 322 173 25 correspondants
3692 322 137 24 particuliers)

3520 361 76 26 DAN
3596 361 19 25 S
3636 360 46 26 LE
3705 359 165 25 HAINAUT

3393 417 19 18 A
3439 415 91 21 MONS.
3555 425 26 4 —
3606 413 43 21 ON
3674 413 144 20 CONGRES

3367 451 193 20 L'administration
3586 449 131 21 communale
3742 454 127 18 patronnera

3339 479 18 21 le
3377 480 33 19 i6'
3429 479 97 23 Confirèà-
3537 478 147 20 international
3702 478 26 19 de
3748 476 120 23 navigation

3339 507 26 21 de
3381 512 57 19 1035.
3454 507 43 21 Elle
3514 512 82 15 recevra
3612 504 154 23 officiellement
3784 505 28 19 les
3818 510 39 14 con-

3340 536 102 23 gressistes
3459 541 20 15 et
3497 536 37 20 elle
3551 535 101 23 organise,
3669 535 12 19 à
3699 534 43 19 leur
3759 533 110 21 intention,

3341 570 39 14 une
3395 564 59 20 visite
3471 564 72 22 guidée
3558 564 26 19 dc
3599 569 31 14 ses
3645 565 132 17 monuments
3788 564 23 17 et
3829 567 40 14 une

3340 592 105 21 excursion
3462 598 40 14 aux
3517 591 103 20 environs.

3381 631 19 18 A
3427 630 91 19 MONS.
3544 639 26 5 —
3594 628 63 20 AUX
3683 633 12 14 «
3704 627 128 20 AMITIES

3500 653 191 22 FRANÇAISES
3699 658 12 13 »

3371 693 92 19 Devant
3498 698 31 13 un
3561 692 117 19 auditoire
3712 691 150 23 particulière-

3346 719 63 17 ment
3428 717 127 19 nombreux
3573 716 23 19 et
3614 718 117 17 vivement
3751 713 119 22 intéressé,

3347 742 28 20 M.
3395 742 84 18 Ernest
3500 741 125 22 Lomonon,
3642 743 83 17 avocat
3743 740 15 19 à
3774 740 23 19 la
3814 744 57 14 cour

3345 766 90 23 d'appel
3457 766 28 18 de
3508 766 66 20 Paris
3596 767 22 17 et
3641 764 179 24 vice-président
3841 764 29 18 de

3346 791 22 18 la
3395 790 90 20 Société
3513 790 41 19 des
3580 790 63 19 Gens
3671 789 28 19 de
3728 789 99 24 Lettres,
3855 793 16 14 a

3347 816 49 19 fait,
3418 816 75 18 mardi
3514 815 55 21 soir,
3591 820 46 14 aux
3658 821 11 11 «
3678 814 99 19 Amitiés
3798 814 62 18 Fran-

3345 841 74 22 çaises
3429 847 17 14 *>,
3472 845 44 14 une
3542 839 162 23 remarquable
3730 838 140 19 conférence

3345 870 41 14 sur
3406 866 41 21 des
3471 865 151 23 impressions
3646 862 135 25 rapportées
3803 863 57 19 d'Ex-

3346 890 172 20 trême-Orient,
3535 890 14 19 à
3567 890 123 20 l'occasion
3708 889 54 19 d'un
3781 892 89 19 voyage

3347 920 28 14 en
3394 915 73 19 Chine
3487 918 21 15 et
3528 920 30 14 au
3576 915 84 22 Japon,
3680 918 43 18 par
3740 913 41 22 l'U.
3801 914 27 18 R.
3846 914 24 18 S.

3346 940 21 19 S.
3383 942 23 16 et
3422 940 21 18 le
3460 939 170 19 Mandchukoo.

3371 965 66 19 Cette
3462 964 146 21 conférence,
3636 962 103 22 illustrée
3766 963 28 19 de
3822 963 49 19 très

3346 989 74 19 beaux
3443 989 92 21 clichés,
3558 994 15 14 a
3597 988 37 20 été
3658 989 149 22 longuement
3831 993 30 16 ap-

3347 1014 97 22 plaudie.

3342 1051 19 18 A
3384 1051 89 19 MONS.
3495 1061 27 5 —
3544 1051 41 19 AU
3608 1049 263 20 CONSERVATOIRE

3371 1082 53 19 Mlle
3439 1082 90 19 Jeanne
3545 1082 69 22 Thys,
3629 1081 123 19 monitrice
3766 1086 31 14 au
3812 1081 49 19 Con-

3346 1107 128 19 servatoire
3494 1107 74 22 Royal
3589 1107 28 18 de
3637 1106 120 19 Bruxelles
3776 1105 30 19 où
3827 1106 44 19 elle

3346 1131 75 19 obtint
3440 1136 29 13 un
3489 1132 101 22 premier
3608 1131 51 23 prix
3677 1131 28 18 de
3722 1132 72 17 chant
3812 1135 58 14 avec

3345 1155 88 22 grande
3448 1156 136 19 distinction
3607 1156 63 18 vient
3686 1155 72 19 d'être
3774 1156 96 22 appelé--!

3347 1184 42 18 par
3403 1179 20 19 le
3437 1180 91 18 Conseil
3542 1180 134 18 communal
3692 1185 45 13 aux
3753 1180 118 19 fonctions

3347 1204 27 18 de
3396 1205 134 21 professeur
3550 1206 28 18 de
3599 1204 70 20 chant
3691 1210 31 14 au
3742 1205 119 19 Conserva-

3347 1228 58 19 toire
3422 1228 27 19 de
3467 1229 72 19 Mons.

3382 1266 20 18 A
3424 1266 90 19 MONS.
3535 1276 26 5 —
3583 1267 39 18 AU
3645 1265 106 21 MUSEE
3772 1267 59 18 DES

3506 1291 194 19 BEAUX-ARTS

3372 1320 32 22 Le
3429 1322 106 19 ministre
3560 1323 27 18 de
3612 1323 160 18 l'Instruction
3798 1323 64 22 publi-

3347 1350 43 18 que
3407 1347 61 18 vient
3485 1347 28 19 de
3530 1346 91 20 décider
3638 1347 28 19 de
3682 1348 91 18 confier
3789 1352 28 14 en
3834 1347 28 19 dé-

3349 1369 37 23 pôt
3401 1375 30 14 au
3449 1370 79 19 Musée
3543 1371 39 19 des
3599 1372 145 18 Beaux-Arts
3758 1372 29 18 de
3802 1371 68 18 Mous

3348 1399 44 14 une
3408 1399 78 15 œuvre
3502 1396 30 18 du
3548 1396 90 23 peintre
3655 1396 104 19 Modeste
3774 1396 90 19 Carlier

3349 1420 104 19 intitulée
3472 1426 11 12 «
3500 1421 99 19 Locuste
3616 1421 130 23 éprouvant
3765 1422 40 19 des
3825 1422 47 18 ooi-

3347 1449 55 14 sons
3418 1449 40 14 sur
3475 1450 31 14 un
3523 1446 90 18 esclave
3631 1452 17 13 •*>.

3374 1469 65 19 Cette
3456 1470 54 19 toile
3525 1470 38 22 qui
3581 1470 42 19 fait
3641 1471 76 22 partie
3733 1471 41 19 des
3790 1471 72 19 collec-

3348 1493 61 18 tions
3428 1494 30 18 du
3477 1494 78 19 Musée
3573 1494 75 23 Royal
3666 1495 40 19 des
3725 1495 146 20 Beaux-Arts

3349 1517 27 19 de
3401 1518 125 19 Bruxelles,
3550 1518 58 21 était
3633 1519 79 23 placée
3736 1525 31 14 au
3792 1520 79 19 Pai-.is

3348 1542 28 19 de
3392 1542 90 20 Justice
3498 1543 28 19 de
3543 1544 24 18 la
3583 1544 106 20 capitale.

3517 1588 23 22 A
3543 1588 22 23 U
3584 1588 68 23 PAY
3656 1589 17 23 S
3695 1589 46 23 DE
3762 1588 106 24 LIEGE

3344 1646 19 18 A
3389 1645 99 20 LIEGE.
3513 1656 25 4 —
3562 1646 18 19 A
3605 1647 38 19 LA
3666 1647 205 20 FEDERATION

3403 1671 59 18 DES
3483 1671 146 19 SOCIETES
3648 1672 163 20 CHORALES

3374 1701 35 19 On
3428 1702 64 18 vient
3509 1702 28 18 de
3555 1702 53 22 fêté,
3626 1703 15 19 à
3659 1702 76 24 Liège,
3753 1704 30 18 M.
3800 1705 63 18 Geor-

3348 1731 40 17 ges
3406 1725 112 25 Fatzaun,
3535 1727 124 19 fondateur
3677 1728 30 19 du
3723 1728 96 19 bulletin
3836 1728 26 19 of-

3349 1752 61 18 ficiel
3436 1752 28 18 de
3490 1753 22 17 la
3537 1751 139 20 Fédération
3703 1754 40 18 des
3768 1753 103 20 Sociétés

3347 1777 107 18 chorales
3473 1777 40 19 des
3531 1778 122 22 provinces
3671 1778 28 19 de
3716 1778 77 23 Liège.
3812 1779 50 18 Lim-

3347 1800 80 23 bourg,
3450 1801 91 19 Namur
3562 1802 21 17 et
3606 1802 169 23 Luxembourg.

3375 1826 29 18 M.
3428 1826 113 20 Fatzaun.
3564 1826 29 19 né
3614 1826 15 20 à
3652 1827 114 22 Verviers,
3789 1833 11 12 a
3827 1828 22 19 fa
3854 1829 18 18 tt

3346 1851 78 18 toutes
3443 1855 38 15 ses
3502 1850 81 20 études
3604 1852 130 21 musicales,
3754 1853 70 18 chant
3847 1855 25 18 et

3347 1875 83 22 violon,
3449 1874 16 20 à
3484 1875 77 19 l'école
3589 1876 28 19 de
3636 1877 106 22 musique
3769 1877 28 19 de
3817 1877 46 19 Ver-

3346 1900 67 18 viers.
3428 1900 18 18 Il
3461 1905 24 14 se
3501 1901 162 22 perfectionna
3677 1900 15 20 à
3706 1901 77 19 l'école
3798 1901 64 24 d'opé-

3346 1929 26 13 ra
3388 1924 120 19 Desuiten.
3524 1925 18 18 II
3559 1930 71 18 passa
3645 1926 195 19 successivement
3857 1926 15 20 à

3345 1949 135 19 l'orchestre
3496 1950 170 23 symphonique
3683 1950 28 19 de
3728 1951 22 18 la
3766 1951 59 21 ville,
3841 1951 30 19 où

3348 1973 13 18 i!
3378 1973 45 19 tint
3440 1973 21 18 le
3478 1973 65 19 noste
3559 1974 29 18 de
3605 1974 102 22 premier
3723 1973 91 24 pupitre
3829 1975 42 18 des

3346 1998 98 19 seconds
3459 1999 95 19 violons,
3568 2000 52 22 puis
3633 1999 15 19 à
3661 1999 24 19 la
3698 2000 89 23 Royale
3802 2000 60 19 Emu-

3345 2022 73 19 lation
3443 2023 28 19 de
3495 2023 116 22 Verviers,
3635 2023 36 22 où,
3696 2025 102 22 pendant
3824 2026 38 22 plu-

3345 2048 75 18 sieurs
3441 2047 93 22 années,
3554 2049 14 18 il
3587 2049 96 18 cumula
3701 2050 33 18 les
3753 2050 118 19 fonctions

3346 2075 27 15 ce
3393 2072 121 21 chanteur,
3535 2073 28 19 de
3584 2072 134 23 répétiteur,
3739 2074 123 19 d'adminis-

3345 2097 97 19 trateur,
3461 2097 28 19 de
3508 2097 133 22 secrétaire,
3659 2099 43 18 etc.
3721 2098 103 19 Membre
3843 2100 29 18 de

3343 2121 23 18 la
3383 2121 89 19 section
3490 2122 148 23 dramatique
3655 2123 28 19 de
3699 2125 62 17 cette
3778 2124 92 21 soc'été.

3345 2145 14 18 i!
3375 2147 126 21 parcourut
3517 2147 22 18 la
3552 2147 113 23 Belgique
3680 2153 57 13 avec
3751 2153 38 15 ses
3804 2149 67 22 amis,

3345 2169 104 20 donnant
3473 2170 41 20 des
3537 2171 200 23 représentations
3760 2173 49 19 très
3831 2179 31 17 ap-

3345 2193 109 23 préciées.
3473 2194 33 20 Là
3524 2200 30 15 ne
3572 2201 26 14 se
3617 2196 71 19 borni
3710 2202 43 17 pas
3772 2203 42 14 son
3833 2203 28 13 ac-

3345 2218 73 18 tivité
3436 2219 60 19 Tcut
3515 2224 27 14 en
3562 2221 89 18 rest-int
3671 2220 69 20 fidèle
3758 2226 30 14 au
3807 2226 52 14 mou-

3344 2244 92 18 vement
3461 2245 87 19 choral,
3574 2245 13 18 il
3613 2245 81 20 écrivit
3721 2247 40 18 des
3786 2247 84 22 pièces,

3344 2268 41 19 des
3400 2272 88 17 revue*,
3505 2271 40 18 des
3560 2270 124 21 chansons,
3701 2271 29 19 fit
3746 2271 28 19 de
3790 2272 21 19 la
3826 2273 34 18 cri-

3345 2293 63 21 tique
3429 2293 115 21 théâtrale
3564 2296 23 18 et
3608 2296 119 20 musicale,
3748 2296 80 19 devint
3849 2298 21 17 le

3343 2318 183 21 correspondant
3550 2319 53 18 d'un
3625 2320 75 22 grand
3723 2322 96 18 nombre
3843 2336 27 5 __

3345 2346 88 17 revues,
3451 2344 23 17 et
3493 2343 73 19 fonda
3583 2349 43 13 son
3644 2344 104 20 bulletin.
3767 2345 103 20 Délégué

3344 2366 29 18 de
3390 2371 27 13 sa
3434 2366 87 20 société
3538 2368 86 22 auprès
3641 2369 29 19 de
3688 2370 23 17 la
3728 2369 142 21 Fédération

3344 2390 130 20 Nationale,
3497 2392 14 18 il
3532 2393 123 18 s'acouittn
3678 2394 20 18 si
3718 2390 52 23 bien
3792 2395 29 19 de
3841 2400 29 14 **-a

3344 2414 68 19 târhe
3434 2416 53 22 qu'il
3512 2417 36 18 fut
3571 2417 91 19 disirné
3684 2423 29 14 en
3737 2419 47 18 1921
3811 2424 59 15 pour

3343 2439 129 20 collaborer
3485 2440 14 19 à
3515 2442 21 17 la
3552 2441 121 19 fondation
3690 2443 28 19 de
3732 2444 22 18 la
3770 2443 87 20 Fédéra-

3345 2464 48 18 tion
3414 2465 142 19 provinciale
3575 2466 29 19 de
3623 2466 76 23 Liège.
3720 2467 35 19 En
3776 2468 56 21 1930.
3854 2469 14 19 il

3345 2488 36 19 fut
3402 2489 29 18 de
3453 2490 53 18 tous
3528 2490 33 20 les
3582 2491 104 21 comités,
3707 2491 15 19 à
3744 2492 123 20 l'occa-sion

3343 2512 30 19 du
3387 2512 140 21 Centenaire
3541 2515 28 18 de
3583 2515 193 20 l'Indênendance
3789 2518 79 21 Rel^c.

3344 2538 21 16 et
3382 2538 115 22 participa
3511 2538 13 19 à
3541 2540 22 18 la
3579 2538 99 22 réussite
3695 2541 40 18 df*
3750 2542 70 18 belles
3837 2542 22 18 Tê-

3343 2562 36 18 tes
3394 2562 28 19 de
3437 2562 121 20 Bruxelles
3574 2566 22 17 et
3614 2565 28 18 de
3657 2565 76 22 L'ége.

3370 2585 130 21 Secrétaire
3520 2587 93 21 général
3635 2589 28 18 de
3683 2590 21 17 la
3727 2589 139 19 Fédération

3345 2610 50 23 Roy
3397 2611 36 18 pte
3453 2611 124 21 Nationale
3599 2613 40 19 des
3659 2613 102 21 Sociétés
3781 2616 88 18 Ohora-

3344 2634 33 19 tes
3396 2635 28 19 de
3441 2636 117 20 Bel?ione.
3577 2637 14 18 il
3611 2642 81 15 exerce
3709 2643 42 14 son
3770 2639 97 19 mandat

3344 2663 58 16 avec
3417 2660 21 19 le
3454 2661 50 22 plus
3521 2663 74 22 grand
3612 2661 159 23 dévouement.

3683 2702 21 21 A
3726 2702 140 23 ANVERS

3341 2755 19 19 A
3378 2755 143 20 MALINES.
3539 2767 27 5 —
3585 2758 88 19 MORT
3692 2759 42 19 DE
3754 2760 30 18 M.
3804 2760 64 19 VAN

3535 2782 152 21 BREEJDAM

3368 2820 101 21 Vendredi
3485 2825 28 17 est
3530 2822 74 21 décédé
3618 2823 140 23 inopinément
3774 2824 31 20 M.
3819 2824 36 20 Vic-

3341 2850 33 18 tor
3392 2848 43 20 Van
3454 2849 106 23 Brcedim,
3576 2851 105 20 industriel
3699 2852 40 20 très
3757 2858 66 14 connu
3841 2853 26 19 dé

3340 2881 30 15 ses
3386 2877 136 20 concitovens.
3538 2878 26 20 Le
3580 2879 72 20 di'-funt
3669 2880 56 19 avait
3741 2880 32 20 été
3788 2885 27 15 un
3830 2879 36 26 dys

3341 2903 120 23 fondateur-!
3481 2906 36 19 des
3539 2912 11 13 c
3559 2906 85 20 Amitiés
3664 2907 109 21 françaï.-cs
3780 2914 12 13 y
3813 2908 53 20 dont

3341 2931 12 20 il
3367 2932 48 20 était
3431 2933 51 19 resté
3497 2940 26 13 un
3539 2935 158 21 propagandiste
3712 2935 113 21 inlassable.

3497 2970 48 23 DA
3547 2971 42 23 NS
3611 2971 44 23 LE
3676 2972 24 22 N
3703 2972 162 24 AMUROIS

3392 3020 19 19 A
3430 3020 117 22 NAMUR.
3567 3032 27 5 —
3614 3023 38 18 LE
3672 3023 81 20 GALA
3772 3024 43 20 DU

3365 3050 42 19 DU
3428 3051 27 19 2e
3477 3051 177 22 CHASSEURS
3674 3055 20 17 A
3717 3054 124 20 CHEVAL

3368 3089 32 19 Le
3416 3089 24 19 2e
3456 3090 126 22 Régiment
3597 3095 27 15 de
3641 3092 129 20 Chasseurs
3785 3093 15 18 à
3814 3094 44 18 che-

3344 3114 37 17 val
3398 3115 137 21 organisera
3552 3115 20 19 le
3589 3117 90 17 samedi
3696 3116 25 18 22
3739 3117 128 22 décembre,

3343 3142 30 14 au
3391 3137 100 20 Théâtre
3509 3139 74 23 Royal
3601 3141 27 18 de
3646 3140 96 22 Namur,
3762 3146 44 15 une
3822 3143 34 18 soi-

3344 3161 38 20 rée
3401 3162 28 19 de
3446 3164 54 22 gala
3518 3168 31 14 au
3568 3165 71 22 profit
3658 3165 27 19 de
3704 3165 24 19 la
3745 3167 75 19 caisse
3838 3168 29 18 de

3343 3190 94 14 secours
3455 3187 28 18 de
3501 3187 22 19 la
3542 3188 144 19 Fraternelle
3703 3189 30 19 du
3751 3189 116 24 régiment

3369 3211 33 18 La
3415 3213 105 22 musique
3533 3213 30 18 du
3577 3213 38 19 1er
3626 3214 93 22 Guides,
3732 3220 54 14 sous
3799 3216 22 18 la
3835 3216 22 19 di-

3344 3237 87 18 rection
3451 3237 31 18 du
3500 3238 168 19 commandant
3689 3238 104 23 Prévost,
3813 3241 43 18 don-

3344 3265 53 14 nera
3424 3265 43 15 une
3491 3262 104 19 audition
3619 3263 30 18 du
3674 3264 94 19 festival
3798 3264 70 21 .onné

3344 3284 142 20 récemment
3507 3286 14 19 à
3543 3286 79 20 Turin.
3644 3287 31 20 Ce
3696 3290 95 18 concert
3813 3295 54 13 sera

3343 3309 113 23 complété
3478 3315 43 18 par
3541 3316 31 14 un
3594 3313 116 21 spectacle
3732 3314 28 18 de
3781 3314 85 20 danses

3343 3333 29 19 où
3391 3333 104 23 paraîtra
3514 3335 61 20 Mme
3594 3336 70 19 Sonia
3683 3337 110 22 Mertens.
3811 3339 45 18 dan-

3343 3362 66 15 seuse
3425 3358 67 20 étoile
3508 3361 31 18 du
3554 3360 100 19 Théâtre
3670 3362 27 18 de
3714 3363 22 17 la
3751 3362 115 23 Monnaie,

3345 3383 109 19 entourée
3473 3384 40 19 des
3532 3385 86 19 Dames
3637 3386 30 19 du
3686 3391 68 17 corps
3773 3388 27 18 de
3820 3388 37 18 bal-

3345 3407 37 19 let.

3369 3432 18 18 A
3408 3432 76 20 l'issue
3503 3434 30 18 du
3552 3435 95 19 concert
3666 3439 30 14 an
3717 3436 101 19 dansera
3836 3441 31 15 au

3344 3456 66 23 foyer
3430 3457 30 18 du
3479 3457 99 21 théâtre.

3368 3481 44 19 Les
3431 3481 76 19 cartes
3527 3484 80 17 seront
3625 3489 28 13 en
3672 3485 68 18 vente
3758 3484 16 19 à
3792 3487 76 21 partir

3343 3505 30 18 du
3388 3505 38 19 1er
3440 3506 130 20 décembre'
3577 3512 29 13 au
3622 3508 62 19 Mess
3700 3509 40 19 des
3754 3510 113 22 officiers,

3342 3529 31 23 80.
3388 3534 40 15 rue
3442 3530 93 24 Rogicr,
3549 3532 14 18 à
3576 3532 97 22 Namur,
3687 3533 29 18 où
3731 3535 55 18 elles
3800 3540 58 17 pour-

3344 3555 52 18 ront
3415 3554 48 20 être
3481 3555 153 23 numérotées,
3653 3558 26 18 de
3696 3558 12 18 9
3724 3558 15 19 à
3756 3559 25 18 12
3799 3560 22 18 et
3839 3560 28 19 de

3344 3579 22 17 14
3383 3578 15 19 à
3414 3579 24 17 18
3455 3580 20 18 h.
3492 3579 46 20 Tél.
3554 3580 57 20 2083.

3370 3616 20 19 A
3412 3616 171 20 FLAYVINNK.
3603 3628 24 3 —
3645 3618 40 20 AU
3705 3619 132 20 CONSEIL

3514 3641 176 21 COMMUNAL

3369 3672 31 19 Le
3423 3674 86 18 conseil
3532 3675 133 18 communal
3690 3675 27 19 de
3741 3675 126 23 Flawinne,

3345 3696 65 19 réuni
3434 3702 54 15 sous
3513 3698 22 18 la
3560 3698 135 23 présidence
3720 3701 28 18 de
3772 3700 31 20 M.
3826 3702 42 18 Ar-

3343 3721 77 21 nould.
3438 3722 167 23 bourgmestre,
3623 3728 15 14 a
3655 3724 93 19 nommé
3765 3724 15 19 à
3797 3725 63 19 l'una-

3344 3745 86 23 nimité,
3448 3751 28 14 en
3492 3747 88 22 qualité
3597 3748 165 22 d'instituteur,
3779 3749 30 19 M.
3826 3750 32 19 Ve-

3343 3775 38 16 nu,
3404 3771 38 22 qui
3467 3771 82 19 faisait
3572 3772 107 19 l'intérim
3703 3772 15 20 à
3741 3774 126 19 Flawinne.

3339 3794 22 27 Jl
3377 3800 15 13 a
3407 3795 72 22 rejeté
3497 3801 43 17 par
3555 3796 12 18 6
3583 3797 52 18 voix
3651 3798 81 18 contre
3747 3798 13 18 3
3775 3799 21 18 le
3811 3799 46 18 bud-

3343 3820 38 22 get
3398 3820 27 19 de
3442 3820 21 18 la
3480 3821 108 22 fabrique
3605 3821 99 23 d'église.
3721 3822 18 19 U
3757 3828 14 13 a
3788 3822 79 20 décidé

3343 3844 27 18 de
3393 3843 59 21 faire
3474 3847 124 21 supporter
3621 3851 43 18 par
3685 3847 183 23 l'entrepreneur

3344 3868 32 18 les
3390 3869 58 18 frais
3462 3869 27 19 de
3503 3870 154 19 surveillance
3672 3871 40 19 des
3725 3873 100 18 travaux
3842 3877 26 14 _c

3343 3893 22 18 la
3382 3893 88 19 section
3486 3894 30 18 du
3531 3895 93 18 chemin
3640 3896 27 19 de
3683 3896 24 18 la
3720 3896 148 19 Basse-Sam-

3343 3917 46 22 bre,
3403 3922 38 14 ces
3455 3919 99 18 travaux
3569 3920 95 22 n'ayant
3678 3925 41 18 pas
3733 3925 83 15 encore
3830 3920 37 20 été

3344 3941 167 22 réceptionnés.

3434 3986 93 24 PANS
3550 3987 45 23 LE
3617 3988 20 22 L
3640 3988 226 24 UXEMBOURG

3389 4036 19 19 A
3434 4037 169 20 BASTOGNE.
3629 4049 26 4 —
3680 4040 39 18 LA
3743 4040 97 20 FOIRE

3520 4070 63 19 AUX
3609 4071 77 19 NOIX

3364 4109 111 23 Bastogne,
3494 4117 80 14 comme
3594 4112 18 19 la
3633 4112 81 24 plupart
3735 4112 36 20 des
3791 4113 73 23 petites

3338 4137 57 20 villes
3410 4138 27 20 du
3458 4139 150 23 Luxembourg,
3627 4140 44 19 voit
3689 4141 79 19 revenir
3785 4140 78 24 chaque

3338 4165 70 23 année,
3423 4172 24 14 en
3464 4166 114 23 décembre,
3595 4168 19 19 la
3633 4174 12 12 <
3654 4166 58 22 Foire
3728 4174 39 14 aux
3783 4166 54 22 Noix
3845 4174 18 14 >.

3339 4192 29 21 La
3390 4193 87 24 rjpitale
3498 4195 36 20 des
3555 4196 105 19 Ardennes
3680 4199 37 19 est,
3737 4202 23 14 ce
3779 4196 84 24 jour-là,

3338 4227 24 13 en
3377 4222 155 20 effervescence.
3546 4223 31 20 De
3590 4226 47 17 tous
3650 4224 26 19 les
3690 4224 55 20 coins
3758 4224 26 19 dc
3798 4224 18 19 la
3832 4223 20 20 ré-

3338 4249 48 22 gion
3404 4249 89 21 affluent
3511 4251 29 19 les
3557 4251 94 20 visiteurs
3668 4252 35 22 qui
3721 4258 21 13 se
3761 4253 101 18 recrutent

3337 4280 82 17 surtout
3437 4278 65 21 parmi
3517 4279 19 19 la
3553 4280 102 21 jeunesse.'

3366 4304 16 20 Il
3402 4308 28 17 est
3451 4306 24 19 de
3495 4306 99 20 tradition
3613 4312 39 16 que
3671 4307 27 19 les
3715 4306 69 23 jeunes
3801 4306 48 19 hom-

3340 4338 41 14 mes
3397 4333 80 20 offrent
3494 4334 35 20 des
3547 4334 53 21 noix,
3618 4334 101 21 noisettes,
3736 4333 98 21 amandes
3848 4333 14 21 à

3339 4359 53 21 leurs
3410 4361 87 21 fiancées
3516 4362 103 22 possibles.
3639 4361 30 20 De
3687 4362 26 22 là,
3731 4361 19 20 la
3767 4361 82 20 dénomi-

3340 4389 70 19 nation
3429 4390 25 19 de
3474 4395 12 13 <
3496 4388 57 21 Foire
3572 4395 39 13 aux
3630 4389 47 20 noix
3685 4394 18 15 ».
3721 4395 25 13 en
3766 4388 74 20 wallon
3852 4395 5 13 :

3340 4416 50 20 foire
3414 4423 39 13 aux
3481 4423 11 13 <
3500 4416 65 24 djaies
3573 4422 19 14 >.
3614 4417 29 19 La
3667 4416 58 20 Foire
3749 4422 40 14 aux
3813 4417 49 20 noix

3337 4446 31 17 est
3383 4445 53 19 aussi
3450 4445 19 20 la
3485 4444 47 20 Fête
3545 4445 36 20 des
3593 4445 152 19 bonimenteurs
3759 4448 21 16 et
3793 4450 58 15 came-

3339 4471 41 20 lots
3400 4472 37 20 Les
3451 4472 83 20 affaires
3548 4476 50 16 vont
3613 4472 40 20 bon
3667 4472 59 19 train.
3742 4472 26 20 Et
3783 4472 78 21 chacun

3338 4500 42 19 s'en
3396 4506 26 13 va
3438 4503 91 17 content.

2780 5452 6 18 ,
2861 5440 35 21 La
2913 5440 78 22 Heine
3011 5439 100 22 visitant
3130 5438 168 29 l'Exposition
3324 5442 32 22 de
3374 5442 120 29 poupées,
3513 5443 106 27 samedi,
3640 5445 16 23 à
3674 5445 107 26 Anvers.
