4363 6144
2201 26 127 28 ^TT^ip-fl

1754 240 127 23 NATION
1899 241 115 23 BELGE.
2035 240 28 21 22
2082 239 90 23 MARS
2191 241 63 22 1935.

130 329 131 59 L'Union
286 327 196 65 catholique

99 422 20 45 le
131 422 46 38 cas
200 409 35 45 de
252 408 40 44 M.
318 407 62 45 Van
393 406 189 46 Cauwelaert

139 497 32 21 ait
193 493 62 20 dans
280 491 92 25 quelles
395 491 140 20 conditions
558 490 23 21 le

73 532 36 25 r>
110 530 7 19 (
117 527 11 21 *

103 557 27 17 oin
133 552 33 17 mc
187 549 46 16 wiw
255 549 79 15 comm
338 544 75 19 lésion
435 545 42 23 qui
498 545 83 19 aurait

92 564 90 38 \auàtcr
198 576 43 14 sur
259 570 36 20 les
313 570 131 23 reproches
463 570 118 20 articulés

91 591 9 15 f
101 589 24 32 JÎ-
139 601 28 19 X.
185 598 51 18 Van
256 596 161 20 Cauwelaert.
437 596 35 20 Lie
491 597 91 20 comité

68 623 45 41 fi*
113 632 7 20 1
120 632 20 33 *!

70 658 51 30 Icioir*

132 630 31 20 «r,
184 623 72 24 upr^s
276 623 178 19 connaissance
476 623 34 19 du
533 624 49 19 mé-

128 654 25 20 dc
168 651 21 19 la
205 648 167 24 commission,
387 653 15 15 a
418 650 53 23 pris
487 650 22 19 la
526 654 56 15 sen-

124 676 105 24 suivante
240 680 8 14 :

96 711 74 24 ■rendu
191 713 53 19 que.
267 708 21 20 le
310 707 14 21 9
346 707 104 25 janvier,
473 708 32 20 M.
526 709 56 20 Van

76 745 53 29 OH**
129 740 4 19 1

130 739 55 19 laert
210 734 88 21 écrivit
329 740 33 15 au
393 734 127 25 président
552 735 30 20 de

90 776 4 6 ■
95 778 9 14 3
106 771 29 19 ion
156 761 144 24 catholique,
327 766 63 20 pour
414 762 34 20 lui
474 761 109 25 signaler

76 790 10 24 '.
110 795 39 20 din
150 795 10 14 s
176 794 39 15 6eâ
234 787 116 22 numéros
368 789 43 20 dee
427 788 13 20 3
458 790 24 18 et
498 788 15 20 8
528 788 53 24 jan-

75 816 27 25 ''",-
112 823 18 19 la
142 823 11 13 «
161 814 69 22 Libre
246 814 118 25 Belgique
372 821 12 12 »
399 815 69 20 avait
484 814 97 20 insinué

91 858 7 14 f
95 840 4 6 "
111 854 9 11 i
127 844 99 21 abusant
243 841 29 20 de
287 846 44 16 son
346 841 125 21 influence
485 846 97 15 comme

91 884 9 14 n
102 875 22 21 i_t
126 878 9 14 r
135 876 12 14 e
168 873 30 16 ou
220 872 95 16 comme
339 866 88 25 député
450 872 33 16 au
504 868 78 23 profit

74 890 15 26 ?'
100 904 5 19 i
106 908 10 15 a
133 894 88 22 «Bank
241 894 90 25 Unie»,
355 894 61 19 dans
438 894 104 24 laquelle
565 895 16 19 il

74 913 47 36 %it
133 928 28 16 eu
177 923 42 19 des
237 919 103 21 intérêts
357 920 137 22 financiers
508 920 18 21 à
543 921 39 20 de-

82 955 48 24 adre,
146 950 14 19 il
177 947 81 22 aurait
276 946 119 21 détourné
413 947 28 20 de
459 950 53 19 leur
529 948 53 20 des-

83 992 7 6 .
91 990 8 14 s
101 968 40 33 :io'n
155 976 41 19 des
213 974 72 20 fonds
303 975 29 19 de
348 973 77 21 l'Etat
442 974 108 22 destinés
566 974 17 21 à

83 1011 27 20 1er
125 1006 28 18 le.
149 1009 7 9 ;
176 1001 72 24 petits
270 999 178 25 épargnants*».

84 1033 43 25 Qu'il
141 1028 141 22 demandait
297 1027 60 21 dans
374 1028 23 19 la
412 1027 81 21 même
508 1028 74 20 lettre

71 1071 16 6 ,..
88 1070 8 14 e
108 1058 56 21 cette
184 1055 91 20 affaire
294 1054 49 21 soit
362 1054 109 20 soumise
492 1059 32 17 au
543 1059 38 15 co-

74 1075 31 35 i'té
124 1083 118 21 directeur
267 1081 29 20 de
321 1080 97 20 l'Union
442 1080 140 25 catholique

73 1100 58 38 "que
152 1108 92 20 celle-ci
268 1106 84 21 décide
376 1106 147 22 clairement
545 1108 37 20 s'il

74 1147 28 13 ,,;•
119 1135 72 22 rendu
213 1134 119 23 coupable
352 1138 32 15 en
405 1135 105 23 quelque
532 1140 49 14 ma-

74 1158 6 11 :
82 1159 13 22 V
92 1173 17 15 rC
123 1164 38 20 des
180 1161 58 20 faits
257 1162 40 22 qui
317 1160 34 20 lui
368 1162 57 18 sont
443 1161 137 24 reprochés.

73 1180 96 35 '"\ttcndu
182 1192 45 19 que
241 1189 24 19 la
279 1186 85 20 «Libre
378 1186 131 26 Belgique»
523 1188 59 19 s'est

80 1212 53 26 ^'rné
145 1219 93 16 comme
252 1212 72 23 tâche
338 1213 29 20 de
382 1212 123 23 dénoncer
517 1220 12 13 «
539 1214 41 20 des

74 1233 54 39 ^•urs
142 1241 110 20 funestes
271 1240 29 19 de
318 1240 94 22 facilité
430 1242 26 20 et
474 1241 29 19 de
521 1239 51 21 rela-

74 1259 77 36 yaient
178 1267 59 20 dont
265 1266 221 21 l'assainissement
517 1266 66 19 s'im-

74 1305 29 19 -jjt
119 1296 64 20 d'une
204 1293 73 24 façon
299 1292 148 25 impérieuse
468 1296 25 20 et
514 1293 67 20 tcute

74 1324 79 24 :,j-j;ion
176 1321 69 19 entre
269 1320 23 20 la
317 1320 118 24 politique
458 1322 24 19 et
504 1319 25 20 la
551 1319 30 19 fi-

86 1382 32 17 nue
129 1373 92 22 l'Union
235 1372 141 25 catholique
390 1375 110 23 pourrait
516 1375 14 17 d
538 1375 41 16 au-

82 1410 21 16 ,-î
117 1401 73 22 moins
213 1400 34 20 lui
270 1405 31 14 en
324 1400 62 20 faire
409 1405 32 14 un
463 1398 117 24 reproche

80 1426 127 27 ,|ie«même
233 1432 16 14 a
279 1425 85 22 décidé
393 1427 28 20 de
448 1426 89 19 mettre
564 1423 16 20 à

64 1445 63 38 "^iude
144 1454 21 21 le
188 1451 124 26 problème
334 1452 99 25 général
456 1452 42 20 des
520 1454 52 17 rela-

76 1491 34 18 ies
120 1482 62 20 entre
197 1481 25 19 la
236 1480 117 25 pc.itique
368 1482 25 19 et
408 1481 23 18 la
446 1478 107 20 finance.

77 1506 65 31 'Qu'au
167 1511 72 16 couro
268 1506 29 20 de
322 1512 30 15 sa
383 1508 142 21 campagne,
558 1503 24 20 la

77 1543 14 20 (I
88 1538 42 23 jtrc
143 1533 144 24 Belgique»
305 1538 16 15 a
339 1532 46 20 mis
405 1536 30 18 en
455 1535 74 18 cause
549 1530 32 20 M.

77 1571 16 12 ■■,
95 1572 9 14 n
115 1560 151 24 Cauwelaert.

86 1583 83 30 "étendu
188 1586 57 24 qu'il
264 1586 103 24 importe
385 1584 91 20 d'acter
493 1588 47 20 que
556 1584 26 19 la

85 1609 42 33 ^brt
151 1613 131 24 Belgique»
317 1610 97 23 déclare
447 1610 135 21 elle-même

85 1631 64 37 i-jâèro
163 1640 31 20 du
208 1640 25 19 12
246 1639 96 24 janvier
355 1638 64 20 1935)
435 1642 53 19 que,
500 1637 21 21 si
535 1637 45 21 elle

86 1661 74 33 '■nf.àbre
178 1671 97 15 comme
295 1664 180 21 inadmissibles
493 1669 34 15 au
546 1668 26 14 re-

82 1692 70 26 ndes
166 1692 138 21 conditions
320 1692 123 19 normales
458 1691 29 19 de
502 1692 25 19 la
541 1690 39 20 vie

85 1714 63 31 Clique
166 1720 24 19 et
209 1719 28 20 dc
254 1718 125 20 l'exercice
398 1718 41 20 des
456 1716 125 21 fonctions

84 1746 131 22 r-utérielles
231 1747 36 20 les
284 1745 60 20 faits
362 1744 85 24 qu'elle
466 1742 116 25 dénence,

90 1785 6 7 .
104 1771 116 25 reconnaît
232 1777 47 19 que
292 1772 94 19 ceux-ci
399 1771 103 20 laissent
516 1769 65 21 d'ail-

85 1807 23 20 0*3
122 1801 102 20 intactes
245 1797 131 26 l'intégrité
393 1801 26 18 et
438 1796 144 21 lhonorabi-

85 1831 9 20 i
104 1826 73 27 privée
195 1826 30 20 de
241 1826 32 20 M.
291 1826 54 20 Van
362 1824 161 21 Cauwelaert.

88 1853 83 23 Aitcndu
193 1858 47 19 que
261 1853 34 20 les
317 1852 62 20 trois
399 1851 78 25 griefs
497 1850 86 25 qu'elle

83 1887 46 18 jjace
149 1879 16 21 à
187 1878 93 26 l'égard
302 1879 29 20 de
353 1878 33 22 M.
407 1878 56 20 Van
486 1877 98 21 Cauwe-

87 1914 17 16 -n
116 1908 106 24 peuvent
238 1912 26 16 se
283 1905 110 22 résumer
410 1909 96 16 comme
522 1904 59 20 suit:

91 1936 20 19 A)
137 1934 54 19 Une
217 1932 92 22 afafire
335 1932 41 24 qui
404 1931 68 21 avait
498 1930 84 20 besoin

82 1962 40 23 yje.
140 1960 92 21 affaire
249 1959 16 20 à
282 1960 104 23 laquelle
405 1959 38 20 fut
461 1956 61 21 mêlé
541 1962 40 15 an-

77 1987 134 27 yieurement
232 1986 31 19 M.
281 1986 54 19 Van
355 1984 152 20 Cauwelaert
526 1982 56 24 père

81 2006 162 31 Vtueilcment
258 2012 31 20 M.
302 2012 53 19 Van
369 2010 152 21 Cauwelaert
533 2010 27 18 fi!
568 2014 13 14 \

81 2052 3 5 .
97 2038 197 26 Deposito-Bank,
321 2036 141 20 émanation
497 2036 29 19 de
560 2035 23 19 la

81 2065 104 26 Uik-Unie,
211 2071 14 14 a
252 2063 38 21 été
315 2062 137 21 constituée
477 2068 46 19 par
547 2067 34 14 un

81 2091 58 26 -océdé
158 2093 40 23 qui
220 2090 147 22 aboutissait
386 2090 17 19 à
422 2095 16 19 y
458 2089 124 24 employer

84 2124 87 18 "avance
187 2118 42 19 des
243 2117 116 24 capitaux
372 2117 30 20 de
417 2116 77 20 l'Etat
509 2115 73 21 desti-

85 2139 9 32 ^
106 2145 184 22 exclusivement
309 2148 32 16 au
358 2144 69 20 salut
446 2144 29 19 de
495 2147 25 19 ia
537 2142 45 20 Pe-

86 2182 8 14 î
101 2174 103 24 Epargne
216 2172 23 20 («
248 2171 71 20 Libre
330 2170 118 25 Belgique
460 2176 20 14 ».
491 2169 26 20 15
529 2169 54 24 jan-

85 2208 21 16 î:,
123 2200 97 23 réponse
242 2197 17 20 à
280 2199 25 19 ia
327 2198 72 19 lettre
423 2198 29 20 de
474 2196 32 21 M.
526 2196 55 20 Van

81 2227 104 23 auwelaert
193 2229 14 16 >.

86 2257 21 20 B)
124 2254 28 19 La
175 2252 55 20 liste
253 2251 41 20 des
315 2250 187 24 souscripteurs,
523 2249 59 20 sauf

82 2289 21 16 ne
120 2279 125 24 exception,
272 2283 93 20 groupe
392 2277 192 21 exclusivement

82 2316 17 14 fc
110 2304 166 29 personnalités
294 2305 48 24 qui.
363 2310 32 15 ou
413 2304 55 20 bien
489 2306 44 18 ont
553 2307 29 16 eu

82 2341 43 16 tsom
137 2334 31 20 du
185 2332 205 21 Gouvernement,
407 2335 32 16 ou
453 2330 56 23 bien
525 2334 56 20 peu-

82 2363 24 20 st
120 2359 77 21 devoir
216 2359 110 20 reccurir
343 2357 17 21 à
376 2357 42 24 lui,
438 2359 32 21 et,
488 2357 96 19 notam-

82 2389 36 21 ient,
136 2386 40 22 dee
199 2385 176 24 importateurs
405 2385 29 20 de
471 2382 112 26 produits

82 2411 125 27 sntingentés
231 2417 31 16 ou
285 2412 110 24 pouvant
416 2409 69 23 l'être
507 2409 76 20 incee-

84 2440 85 23 piment;
190 2444 34 20 or,
245 2438 93 21 l'octroi
359 2438 42 19 des
422 2437 105 20 licences
548 2441 34 14 re-

84 2473 17 16 n
113 2467 35 20 des
165 2465 107 20 services
290 2465 30 19 de
337 2464 172 24 l'Agriculture
527 2462 17 20 à
559 2463 24 19 la

86 2500 14 15 :t
114 2491 104 25 desquels
241 2496 26 15 se
288 2492 86 19 trouve
394 2490 32 20 M.
446 2490 56 20 Van
521 2489 62 21 Cau-

86 2522 57 19 iaerî.

88 2549 15 20 C)
113 2547 45 19 Par
170 2550 119 21 personne
303 2543 145 25 interpesée,
461 2548 33 15 un
507 2548 76 15 mem-

89 2580 7 9 »
113 2573 63 20 d'une
203 2577 84 19 grosse
313 2571 75 20 firme
423 2571 29 19 de
478 2570 106 20 travaux

89 2601 43 20 ilics
146 2604 28 15 en
190 2604 28 15 ce
234 2599 109 19 moment
359 2596 105 26 chargée
480 2597 102 19 d'entre-

89 2633 30 16 ità
130 2625 46 22 très
192 2625 162 24 importantes
367 2629 62 19 pour
442 2624 96 24 compte
553 2623 29 19 de

89 2655 28 20 iat
126 2664 24 4 —
161 2652 148 24 entreprises
321 2656 57 15 sous
390 2652 24 19 la
426 2650 158 25 dépendance

88 2687 4 15 i
101 2679 100 21 ministre
223 2680 42 20 des
285 2679 116 19 Travaux
420 2677 102 24 publics,
541 2679 42 22 qui

89 2708 19 22 ;it
119 2711 82 16 encore
219 2706 32 21 M.
267 2705 55 20 Van
339 2704 161 20 Cauwelaert.

88 2735 20 20 En
118 2738 24 15 ce
155 2733 41 24 qui
212 2737 119 16 concerne
349 2732 22 19 le
385 2732 107 24 premier
505 2730 75 25 grief:

89 2759 83 22 Attendu
195 2759 58 24 qu'il
278 2759 38 20 est
341 2758 117 20 constant
480 2762 48 20 que
551 2756 33 20 M.

90 2802 9 5 _
110 2786 148 20 souscrivent
278 2790 63 19 pour
361 2785 13 20 5
394 2784 109 21 million*
523 2782 14 21 à
558 2784 26 19 la

91 2813 103 20 Bstitution
216 2812 30 19 de
270 2811 192 24 l'Antwerpscue
482 2810 101 24 Deposi-

92 2839 51 20 Bank
159 2842 41 16 ien
216 2843 44 15 son
280 2842 57 15 nom
354 2838 26 19 et
396 2842 62 20 pour
474 2837 22 19 le
513 2841 71 19 grou-

98 2865 41 25 qu'il
158 2864 147 25 représente,
324 2864 36 20 dit
379 2863 71 22 l'acte
467 2863 118 20 cons:itu-

117 2890 158 26 représentait
307 2891 23 19 le
362 2889 86 21 Crédit
478 2888 106 21 Général

95 2918 78 20 astriel.

95 2945 26 23 }ae
143 2946 39 18 cet
208 2943 142 25 organisme
375 2942 124 20 financier
524 2942 60 20 était

97 2970 100 24 [holding
213 2970 31 19 de
259 2969 164 24 l'Algemeene
442 2974 29 14 en
488 2971 96 21 compte

97 3002 10 15 s
116 2996 94 20 dernier
228 2995 192 23 établissement,
438 2997 41 22 qui
497 3000 30 14 en
545 2993 38 21 dé-

108 3023 11 20 it
133 3022 24 20 la
174 3026 105 21 presque
300 3020 96 22 totalité
414 3021 43 20 des
475 3022 78 20 titres.

102 3053 16 18 $
129 3049 23 19 le
171 3048 106 24 premier
294 3048 138 18 versement
448 3048 33 19 du
500 3046 82 21 Crédit

91 3074 50 20 f_ral
167 3073 129 20 Industriel
321 3075 24 18 et
367 3073 36 20 les
426 3073 81 20 divers
530 3078 44 15 ver-

98 3102 46 18 rats
171 3098 132 21 successifs
333 3099 85 20 furent
447 3099 61 21 faits
536 3104 47 20 par

95 3129 101 20 jjcmecne
215 3125 43 23 qui
279 3129 30 15 en
330 3124 83 21 débita
431 3131 33 14 -sa
484 3126 85 20 filiale.

98 3151 75 19 ttendu
188 3156 47 19 que
255 3151 22 19 le
295 3151 27 20 29
340 3150 129 22 décembre
489 3152 55 20 1934
560 3153 23 19 le

90 3177 37 19 •dit
152 3175 101 22 Général
282 3177 134 22 Industriel
445 3177 89 25 appela
560 3178 23 20 le

94 3204 15 20 "e
123 3208 41 16 non
179 3203 71 20 versé
266 3204 29 20 de
311 3209 40 15 ses
366 3205 96 20 actions
478 3205 106 20 ordinai¬

88 3256 31 24 re
134 3255 160 25 l'Algemeene
312 3257 96 20 affecta
424 3256 16 21 à
458 3263 27 14 ce
503 3263 81 15 verse-

89 3283 22 18 rat
126 3283 21 19 la
165 3287 93 16 somme
278 3283 60 20 dont
357 3283 25 20 la
400 3284 102 24 holding
522 3283 61 21 était

89 3307 62 22 Mtrice
176 3308 61 21 dans
259 3313 40 17 ses
322 3309 74 21 livres
421 3310 32 23 et,
475 3315 63 20 pour
559 3311 23 21 le

89 3334 51 24 rplus,
157 3335 23 19 la
198 3334 103 24 crédita;

89 3360 80 20 Attendu
186 3366 53 19 que,
256 3362 79 23 quelle
352 3367 46 19 que
415 3363 49 20 soit
481 3362 102 26 l'appré-

90 3386 38 20 ition
146 3391 41 16 sur
205 3386 173 25 l'opportunité
396 3389 30 20 de
445 3389 138 21 l'interven-

92 3417 10 14 «
118 3412 26 20 dc
167 3413 170 24 l'Algemeene,
360 3415 17 19 il
404 3414 71 21 échet
497 3421 86 19 cepen-

75 3443 6 28 j
92 3440 14 19 ut
116 3439 25 19 de
156 3440 126 20 constater
292 3445 6 15 :
316 3440 24 20 1°
359 3446 47 19 que
423 3441 62 21 dans
503 3442 22 20 le
543 3442 39 20 dé-

92 3465 71 19 ■uilibre
181 3466 80 20 actuel
279 3467 42 24 qui
339 3467 93 21 affecte
450 3469 56 19 tant
523 3469 60 20 d'or-

94 3491 63 20 àsmes
184 3492 143 23 financiers,
355 3493 16 20 il
400 3493 87 22 n'éta?t
512 3496 70 23 point

94 3521 10 15 s
122 3518 147 24 importance
292 3519 156 24 d'empêcher
472 3525 46 16 une
544 3521 39 20 dé-

94 3542 55 21 lar.ee
169 3545 111 19 nouvelle
300 3547 24 18 et
343 3551 48 15 non
414 3552 59 16 sans
493 3547 90 21 intérêt

96 3573 11 15 r
118 3570 20 19 ia
154 3571 74 24 petite
247 3570 107 26 épargne
374 3572 156 25 représentée
550 3574 33 20 di-

96 3599 72 17 .enient
182 3602 31 15 ou
229 3598 189 22 indirectement
431 3598 17 21 à
461 3604 24 16 m
500 3600 83 20 Bank-

96 3621 11 19 ie
124 3622 25 20 de
176 3624 53 19 voir
253 3625 81 19 tenter
359 3630 33 15 un
418 3626 77 21 effort
520 3632 63 19 pour

96 3646 68 25 lécher
182 3649 24 20 la
225 3650 74 21 chute
317 3651 30 19 de
366 3652 103 22 celle-ci:
491 3652 25 19 2°
535 3658 47 19 que

96 3676 13 17 >
124 3675 162 21 intervention
309 3677 40 20 n'a
371 3683 34 19 pu
428 3679 71 19 avoir
520 3684 64 19 pour

94 3700 45 20 «ftat
156 3701 37 24 d'y
214 3703 124 24 employer
356 3703 42 21 des
417 3705 117 24 capitaux
552 3706 30 19 de

94 3723 22 23 fct
134 3727 106 21 destinés
261 3734 33 15 au
318 3730 67 21 salut
406 3731 30 19 de
459 3732 24 20 la.
505 3732 78 21 petite

95 3754 55 22 cçac;

95 3783 44 24 fa'en
168 3787 69 24 effet,
268 3794 30 14 en
330 3792 136 22 supposant
496 3792 85 24 acquis

95 3814 6 15 '
111 3812 151 25 l'Algemeene
281 3816 36 19 ait
336 3815 32 21 dû
387 3816 63 21 dans
467 3822 41 16 ces
530 3818 53 20 der-

95 3840 17 16 fî
130 3840 57 19 mois
213 3842 110 19 recourir
347 3847 49 15 aux
420 3844 107 21 services
553 3844 31 20 de

94 3860 38 24 LK.
149 3865 18 22 I.
185 3866 25 20 C.
230 3867 25 20 et
275 3867 29 20 de
322 3868 25 21 la
365 3868 24 20 S.
407 3869 31 23 N.
457 3869 26 21 C.
500 3870 27 22 L.
546 3870 35 20 les

93 3889 22 30 ^5
126 3893 42 19 mis
182 3892 16 20 à
214 3894 24 19 la
256 3894 144 24 disposition
418 3896 30 20 de
463 3902 40 15 ces
519 3897 63 20 deux

93 3917 49 20 nsbs
164 3920 56 19 sont
243 3919 165 26 précisément
430 3921 112 22 rés.rvés
568 3922 16 21 à

93 3944 6 15 i
113 3945 143 23 organismes
284 3947 136 21 financiers
448 3950 26 19 et
501 3949 82 24 irylus-

93 3992 60 25 ■feUe
173 3998 39 20 n'a
231 3998 91 24 jamais
342 4005 32 19 pu
394 4000 64 21 faire
481 4002 102 21 directe-

94 4023 20 20 P
125 4025 65 22 appel
208 4029 51 15 aux
275 4026 118 23 capitaux
409 4027 109 21 destinés
536 4034 46 19 par

94 4048 25 18 •at
135 4053 29 16 au
184 4050 66 20 salut
273 4051 30 20 de
324 4052 25 20 la
369 4053 77 24 petite
467 4053 115 27 épargne,

104 4072 62 23 même
190 4077 195 23 indirectement,
409 4080 89 25 puisqu
506 4081 17 20 il
547 4081 36 21 ré-

94 4096 18 20 fc
137 4100 26 21 de
197 4107 44 15 nos
275 4104 188 25 investigations
496 4107 86 24 qu'elle

94 4125 34 19 wt
143 4128 67 23 point
229 4128 124 25 débitrice,
371 4132 64 20 mais
453 4133 129 21 créditrice

96 4151 75 22 ^même
195 4154 33 20 du
252 4156 81 23 grand
356 4158 139 23 organisme
519 4161 65 21 agri-

95 4178 11 15 *
116 4177 45 22 aidé
180 4186 46 19 par
244 4181 87 24 l'Etat;

87 4203 84 29 lAttendu
191 4218 47 19 que
258 4214 21 19 ri
300 4214 81 22 même
403 4216 180 24 l'inte-vention

86 4235 12 38 J
105 4235 9 18 r
114 4236 134 26 Algemeene
268 4239 61 22 était
349 4241 73 25 jugée
444 4243 139 25 inopportu-

82 4260 18 28 f
110 4265 22 17 «i
150 4265 53 19 n'en
225 4267 111 23 pourrait
358 4268 64 20 faire
444 4270 65 23 grief
529 4271 55 24 qu'à

88 4288 47 21 pair
142 4293 86 21 géants
246 4294 24 18 et
289 4298 48 15 non
354 4292 16 22 à
390 4299 28 15 sa
436 4297 149 20 co-_ontrac-

91 4313 28 26 p*e
130 4315 20 20 la
164 4317 143 23 Bank-Unie
322 4325 32 15 ou
369 4319 17 21 à
403 4325 41 16 ses
460 4321 125 25 représen-

88 4358 55 44 Ir-!*_.
140 4367 81 23 ttendu
241 4375 46 19 que
305 4371 36 21 les
360 4372 177 26 importateurs
556 4375 30 21 de

86 4392 30 34 tn
115 4392 17 16 01
131 4395 13 17 *
143 4398 12 15 8
177 4396 170 25 contingentés
371 4399 83 22 visent
478 4401 34 20 M.
536 4401 51 25 T..,

98 4417 105 25 iport-tteur
228 4423 29 20 dc
283 4423 115 25 céréales,
425 4428 26 19 et
475 4428 33 20 M.
534 4429 37 20 Y..

100 4444 98 30 Pfruteur
212 4449 29 21 de
255 4450 80 24 fruits,
349 4452 42 23 qui
405 4452 110 25 figurent
528 4455 57 21 tous

100 4472 20 14 «
136 4474 25 16 en
175 4477 51 18 nom
245 4475 17 21 à
282 4476 70 22 l'acte
372 4477 30 20 de
423 4481 162 21 constitution

100 4492 21 29 ,'a
136 4495 140 27 Sank-Unie.

100 4520 19 36 S
131 4526 11 15 c
148 4548 10 8 j
169 4527 39 22 qui
225 4532 121 16 concerne
363 4529 36 20 les
415 4529 107 24 céréales
532 4538 7 16 :

108 4547 67 22 •'endu
193 4557 48 19 que
262 4554 21 19 si
303 4554 23 19 le
347 4554 113 27 froment,
479 4559 23 19 >
521 4560 64 21 maïs

112 4575 45 22 orge
177 4578 56 18 sont
254 4579 93 20 soumis
366 4579 17 21 à
402 4581 111 27 licences,
532 4587 53 19 leur

100 4599 42 35 ^he
160 4603 37 18 est
219 4603 67 23 libre,
308 4605 145 24 c'est-à-dire
476 4616 47 16 nue
543 4617 42 16 ces

100 4624 48 22 aces
170 4629 57 19 sont
250 4631 131 22 accordées
404 4632 17 21 à
444 4636 56 21 tous
525 4643 62 15 ceux

100 4655 24 21 m
135 4652 145 25 demandent
294 4658 26 19 et
334 4663 31 15 en
380 4662 112 22 quantité
505 4660 79 25 illimi-

99 4702 18 21 ■
134 4708 25 16 ce
181 4707 41 24 qui
245 4713 121 17 concerne
388 4711 23 20 le
433 4714 75 25 seigle
539 4721 47 19 que

131 4733 18 17 ci
168 4733 55 20 sont
244 4734 56 21 d'un
320 4736 73 21 ordre
413 4738 87 23 double
522 4747 6 5 ■
550 4743 36 20 les

123 4758 50 19 s:nt
186 4760 130 22 accordées
331 4763 193 25 exclusivement
536 4774 49 15 aux

102 4783 112 25 FWtéurs
232 4790 41 21 qui
294 4793 30 15 en
343 4790 44 21 ont
405 4791 105 24 importé
530 4799 46 19 pen

93 4811 23 18 P»
127 4811 85 21 i-annec
232 4813 29 21 de
280 4814 127 25 référence
422 4822 45 17 sur
485 4819 25 21 la
527 4820 58 21 base

119 4837 48 22 *%
190 4839 14 19 d
206 4847 12 14 c
241 4840 66 24 leurs
329 4843 173 24 importations
524 4848 26 19 et
569 4847 18 21 à

112 4863 64 23 «tre,
189 4866 23 20 ni
228 4871 61 19 pour
304 4868 29 21 de
348 4870 55 25 plue
417 4871 79 21 fortes
510 4877 77 19 quan-

105 4911 20 13 m
139 4890 18 34 ?
158 4894 27 16 U€
211 4897 28 16 ce
268 4893 92 26 régime
390 4896 57 26 déjà
475 4898 111 22 instauré

105 4915 21 27 *}■
140 4915 6 20 1
152 4918 91 24 arrivée
263 4920 30 21 de
310 4922 33 21 M.
359 4923 55 22 Van
431 4924 155 23 Cauwelaert

107 4942 159 28 appartement,
284 4948 41 22 fut
341 4949 112 25 toujours
470 4951 116 26 appliqué

95 4975 19 16 r
128 4969 6 16 J
135 4971 13 16 a
165 4971 52 23 plus
238 4973 108 22 extrême
365 4976 106 26 rigueur,
492 4978 94 21 c'est-à-

125 4997 50 19 sans
196 5003 46 19 que
263 5000 92 24 jamais
377 5006 25 20 et
423 5009 58 17 soue
502 5010 83 16 aucun

112 5023 100 22 ««une
227 5025 143 26 dérogation
384 5030 40 24 n'y
437 5031 40 21 fut
489 5032 97 21 admise

107 5047 33 18 "Oc
156 5048 84 24 faveur
257 5054 125 22 accerdée.

105 5075 24 20 W
138 5073 12 19 d
157 5077 67 20 autre
236 5081 57 22 part
307 5081 43 20 des
362 5083 158 23 contingents
532 5085 54 24 spé-

105 5099 19 39 £
133 5103 79 23 Prévus
225 5110 32 15 au
271 5107 77 24 profit
361 5108 30 21 de
403 5111 108 21 certaine
522 5117 62 20 pays

109 5146 6 6 ,
123 5129 90 23 ^partis
226 5133 192 23 exclusivement
430 5141 46 20 par
488 5138 96 21 l'Union

109 5156 131 35 ^sionnelle
254 5159 31 20 du
298 5164 137 18 commerce
447 5163 43 21 des
500 5165 86 24 grains

107 5181 62 36 Sh™
172 5187 9 15 3
199 5184 117 24 d'Anvers
333 5192 31 15 en
381 5190 144 24 proporUon
543 5192 42 20 dee

95 5208 51 36 SL
145 5211 23 16 es
190 5210 73 21 traité
265 5216 26 16 es
315 5218 48 20 par
386 5215 36 21 les
454 5216 132 23 différents

109 5255 28 15 te*.
202 5237 33 20 im
237 5238 141 24 P<>rtateurs
395 5242 33 20 du
445 5247 60 20 pays
524 5244 61 21 dans

107 5261 51 23 r***
177 5262 41 22 des
238 5264 92 23 années
351 5267 160 26 antérieure».

108 5287 36 42 fc!!-
150 5297 27 17 en
176 5325 12 4 _
195 5295 91 23 résulte
305 5304 47 19 que
370 5301 27 20 M
396 5315 7 6 -
420 5301 24 20 T
445 5317 19 6 -
481 5308 17 14 n
500 5309 13 15 e
530 5309 60 20 pou-

121 5320 95 22 «tendre
231 5324 25 20 ni
272 5324 100 24 espérer
385 5327 25 21 la
424 5328 112 23 moindre
552 5331 36 19 fa-

122 5347 26 21 ■
147 5349 3 14 i
166 5347 57 21 chef
242 5350 32 20 du
292 5349 178 26 département.

119 5371 55 37 5JJU
190 5378 46 20 que
256 5375 33 20 M.
306 5376 43 21 TT...
368 5379 38 20 est
425 5379 164 25 importateur

112 5401 61 33 »fr*S
196 5404 116 22 Pommes,
336 5407 112 22 oranges,
472 5406 116 25 bananee,

114 5425 25 31 jJ
139 5425 13 14 u
152 5447 5 5 .
153 5425 15 16 ,t
168 5430 14 14 3
193 5429 48 17 non
254 5428 92 21 soumis
359 5429 17 21 à
386 5430 93 22 licence
492 5433 26 19 et
530 5434 57 23 qu'il

130 5449 7 14 <
149 5451 84 20 jamais
253 5454 114 24 question
389 5456 39 25 d'y
445 5460 143 21 soumettre.

112 5487 7 16 i
139 5477 18 14 "
168 5478 7 15 '
183 5477 157 25 importation
354 5482 43 21 des
412 5482 98 26 raisins,
522 5485 66 20 abri-

95 5501 113 36 ■SbS?^!
223 5509 15 20 P
239 5503 72 23 êches
328 5509 24 20 et
364 5507 107 22 tomates
488 5510 37 20 est
531 5516 56 15 con-

94 5528 82 35 Kï-S:
190 5528 30 35 *?;
238 5530 22 20 Y
260 5545 20 7 -
300 5536 17 15 n
318 5531 6 7 *
324 5536 17 15 a
358 5532 91 25 i^mais
467 5534 122 23 demandé

91 5555 26 29 ^
123 5572 12 15 n
135 5555 42 32 '•«I
176 5557 12 15 e
201 5555 91 22 Iicence
308 5562 31 20 P°
340 5562 31 15 ur
385 5563 31 16 en
430 5560 118 24 importer
563 5564 23 19 et

109 5588 8 13 1
133 5579 55 36 b?,
185 5583 33 19 pu
230 5582 124 22 d'ailleurs
365 5588 32 16 en
410 5585 98 21 obtenir
514 5592 74 19 parce

119 5604 39 34 ,'
177 5604 14 37 ^
188 5606 26 19 ut
238 5613 44 19 pas
306 5609 164 24 importateur
494 5612 29 20 de
546 5619 42 15 ces

101 5641 77 25 fttV»
251 5634 36 21 les
301 5640 50 15 ann
353 5634 40 22 ées
409 5637 31 20 de
455 5635 134 25 référence.

101 5670 8 22 f
118 5656 37 36 ri)
164 5656 57 22 llcen
222 5663 41 17 ces
274 5663 57 20 sont
342 5661 133 22 accordées
485 5663 102 22 euivant

126 5702 30 17 au
191 5685 66 20 math
259 5685 144 28 ématiques,
417 5693 59 16 sans
492 5694 97 18 aucune

142 5708 14 14 "
157 5709 27 16 on
185 5721 6 8 .
203 5710 62 22 dans
281 5717 82 17 aucun
379 5720 44 15 cas
440 5715 25 20 et
482 5720 48 20 que
545 5715 44 22 des

119 5733 37 25 .**■
169 5733 32 31 ^
214 5737 54 24 plus
282 5739 99 22 strictee
396 5744 45 20 ont
455 5740 40 23 été
510 5741 79 25 priées

134 5760 115 24 «mpecher
266 5765 70 20 toute
356 5766 89 22 faveur
465 5768 27 20 et
508 5767 81 21 même

115 5784 145 38 V/^Picion.
282 5791 52 24 Que
356 5792 33 20 M.
411 5791 43 21 T...
476 5797 32 16 ne
529 5798 59 20 pou-

101 5811 60 35 Ich»?
161 5813 7 16 1
169 5815 14 31 ^
202 5814 95 26 espérer
319 5817 26 22 la
365 5818 113 21 moindre
500 5819 88 22 faveur

103 5838 53 27 ti"
170 5838 26 22 de
211 5845 28 16 ce
255 5842 177 26 département

135 5863 33 18 **
185 5869 28 17 *e
229 5868 43 23 aul
292 5873 122 18 concerne
423 5869 46 25 .le-
478 5871 111 22 membre

766 318 779 139 Nouvelles
1640 322 187 133 de
1930 320 803 167 l'Etranger

718 551 55 70 Le
806 552 115 83 parti
952 550 94 69 nazi

609 661 20 40 a
657 647 56 54 été
737 648 105 53 fondé
872 649 84 51 dans
991 646 32 51 la
1054 645 107 53 Sarre

651 749 30 32 Le
697 760 9 20 i
722 748 64 34 front
803 747 111 34 allemand
931 757 9 19 i
954 753 13 25 a
985 744 36 33 été
1033 745 92 32 dissous

810 803 170 26 Sarrebruck.
997 802 29 23 21
1047 809 79 17 mars.

643 836 35 26 Le
699 838 71 28 parti
796 832 269 26 national-socialiste
1086 832 75 24 vient

610 865 82 25 d'être
711 865 81 24 fondé
810 865 66 23 dans
894 865 24 22 la
936 863 86 23 Sarre.
1040 862 39 23 En
1097 868 52 18 con-

609 895 140 34 séquence,
785 896 23 22 lc
845 901 12 13 «
867 893 81 22 Front
987 891 133 24 allemand
1138 899 22 20 »,

609 931 55 22 qui,
682 926 79 22 avant
780 923 24 23 le
822 924 90 21 retour
932 922 33 23 de
982 921 25 24 la
1029 922 32 23 Sa
1063 928 11 11 r
1078 928 28 17 re
1126 928 33 17 au

609 954 83 23 Iîeieh
711 952 122 31 groupait
853 952 35 22 'es
909 951 134 29 partisans
1061 957 36 18 au
1115 958 34 17 na-

609 982 254 25 tional-socialisme,
882 988 15 15 a
917 981 41 23 été
978 981 113 24 dissous.

642 1014 73 23 Cette
748 1011 119 24 décision
903 1017 14 16 a
949 1009 41 25 été
1021 1010 138 25 annoncée

609 1044 68 21 cette
695 1041 65 25 nuit,
779 1041 53 22 lors
849 1040 77 23 d'une
943 1040 112 24 réunion
1076 1041 34 23 où
1127 1041 32 24 M.

608 1071 100 30 Joseph
739 1069 136 29 Bucrckel,
907 1070 185 24 commissaire
1124 1071 36 24 du

609 1100 82 24 Reich
715 1106 68 26 pour
805 1098 24 24 la
852 1099 86 28 Sarre,
960 1107 14 16 a
997 1100 49 24 fail
1067 1100 92 31 l'éloge

610 1131 32 23 dc
659 1122 79 30 Adolf
754 1128 93 24 Hitler.

641 1160 32 22 .M.
690 1158 128 25 Buerckel
835 1165 15 16 a
870 1158 87 29 ajouté
975 1166 50 22 que
1043 1160 38 23 les
1098 1167 51 16 con-

610 1188 99 24 ditions
731 1187 174 24 d'admission
927 1195 33 17 au
983 1191 71 28 parti
1076 1190 74 23 natio-

610 1217 189 23 nal-socialiste
824 1217 67 23 dans
914 1218 25 23 la
966 1218 79 24 Sarre
1069 1222 91 21 seront

609 1246 119 30 publiées
751 1246 230 30 prochainement.

831 1278 91 21 oso

653 1316 182 45 L'Angleterre
858 1316 89 40 relève
970 1319 39 37 les
1032 1319 82 38 droits

605 1382 46 31 sur
664 1375 113 38 certains
791 1376 117 46 produits
924 1377 31 37 de
969 1376 41 39 fer
1024 1379 25 35 et
1064 1376 98 38 d'acier

881 1454 116 20 Londres.
1014 1454 27 19 21
1057 1458 75 16 mars.

631 1479 54 20 Une
700 1480 158 20 ordonnance
874 1481 29 19 de
919 1482 24 18 la
957 1479 130 21 trésorerie
1104 1484 49 19 aug-

605 1506 89 22 mente,
712 1505 16 21 à
745 1506 79 24 partir
842 1505 34 20 du
893 1506 27 20 26
938 1510 74 18 mars,
1030 1506 35 21 les
1084 1505 77 21 droits

605 1531 131 23 douaniers
750 1536 44 16 sur
807 1531 109 20 certains
932 1531 112 25 produits
1059 1531 93 21 élémen-

605 1557 75 20 taires
698 1557 29 19 de
745 1558 39 19 fer
800 1558 24 19 et
840 1556 97 23 d'acier,
956 1557 154 24 remplaçant
1127 1558 35 19 les

604 1582 78 20 droits
717 1589 13 13 <
762 1583 32 20 ad
825 1583 110 20 valorem
968 1590 12 12 »
1012 1583 94 20 actuels
1132 1583 30 19 de

604 1608 27 20 33
653 1608 40 21 1/2
715 1613 23 19 p.
759 1614 20 14 c.
800 1613 46 19 par
867 1609 42 20 des
933 1608 77 21 droits
1032 1609 79 20 allant
1132 1609 30 19 de

605 1634 63 20 deux
681 1634 15 20 à
712 1637 87 21 quatre
814 1634 73 20 livres
901 1641 12 14 .s
927 1634 79 26 erling
1021 1640 45 19 par
1079 1636 43 19 ton
1142 1639 13 13 p

632 1660 38 20 On
693 1660 47 20 fait
761 1660 116 20 observer
905 1660 72 25 qu'on
1000 1661 101 20 attache
1132 1660 30 20 de

605 1685 170 24 l'importance
796 1685 17 20 à
834 1691 27 14 ce
882 1687 75 23 qu'un
980 1688 89 20 accord
1090 1688 74 19 sat.*--

606 1711 93 20 faisant
718 1711 154 20 intervienne
890 1717 60 16 avec
969 1713 22 19 le
1011 1712 78 21 cartel
1106 1717 47 16 con-

605 1736 105 21 tinental
730 1737 31 20 de
780 1737 89 24 l'acier,
889 1739 122 19 couvrant
1031 1738 122 25 l'importa-

605 1763 52 20 tion
673 1768 30 14 en
719 1763 234 26 Grande-Bretagne
969 1765 24 19 et
1008 1764 22 20 le
1044 1769 110 16 commer-

606 1793 28 16 ce
655 1793 44 16 sur
720 1789 35 20 les
778 1789 114 21 marchés
914 1790 164 24 d'outre-mer,
1099 1791 63 19 mais

606 1819 47 20 que
679 1815 35 20 les
738 1814 168 26 négociations
932 1817 70 19 entre
1025 1816 138 20 l'industrie

608 1840 156 25 britannique
784 1843 24 19 et
828 1842 22 19 le
872 1842 77 20 cartel
970 1843 68 18 n'ont
1057 1846 45 19 pas
1123 1846 29 14 en-

607 1871 56 15 core
679 1866 37 21 été
732 1865 149 22 couronnées
897 1868 29 20 de
942 1868 85 19 succès
1041 1866 114 25 jusqu'ici

724 1899 42 31 Un
786 1900 98 31 accord
903 1902 141 29 imminant

881 1950 116 24 Londres,
1013 1951 26 19 21
1057 1956 74 15 mars.

638 1976 118 24 L'agence
765 1977 94 19 Keuter
882 1977 35 21 dit
939 1977 138 24 apprendre
1086 1978 73 23 qu'un

610 2004 90 19 accord
725 2003 134 25 provisoire
882 2003 170 21 interviendra
1074 2005 77 23 proba-

610 2029 108 20 blement
741 2029 95 21 bientôt
860 2032 69 21 entre
952 2031 138 20 l'industrie
1112 2031 38 20 bri-

610 2056 119 24 tannique
758 2057 32 19 du
819 2057 39 19 fer
887 2060 26 17 et
936 2057 29 20 de
988 2058 83 21 l'acier
1092 2059 25 19 et
1137 2059 22 19 le

609 2083 83 20 Cartel
714 2083 176 21 internaticnal
912 2084 29 20 de
963 2085 88 21 l'acier.

604 2146 51 33 Les
672 2148 120 31 troubles
811 2149 69 32 dans
895 2148 26 33 le
939 2151 121 37 quartier
1076 2151 85 38 nègre

779 2193 35 32 de
837 2193 78 32 New-
916 2193 75 32 York

848 2260 146 23 New-York,
1014 2261 26 20 21
1061 2266 74 15 mare.

632 2285 183 21 L'Association
829 2287 43 20 des
887 2285 144 25 négociants
1044 2288 33 20 du
1090 2291 64 19 quar-

607 2311 47 21 tier
669 2311 75 25 nègre
759 2319 16 15 a
791 2310 152 26 télégraphié
958 2317 32 15 au
1007 2316 156 22 gouverneur

607 2337 29 20 de
650 2337 70 20 New-
721 2337 68 20 York
806 2342 62 20 pour
882 2337 134 21 demander
1030 2337 88 22 l'envoi
1132 2337 31 21 de

608 2364 106 23 troupes.
732 2363 54 20 Elle
804 2363 96 20 déclare
918 2368 47 21 que
983 2364 25 20 la
1027 2364 78 23 police
1125 2365 38 18 est

607 2388 128 24 incapable
747 2389 30 20 de
790 2388 114 25 prévenir
917 2389 29 20 de
958 2390 125 20 nouvelles
1098 2389 64 21 rixts

607 2419 95 15 comme
715 2414 73 20 celles
801 2416 30 19 de
842 2416 25 19 la
880 2414 55 21 nuit
949 2414 118 21 dernière.

633 2440 40 20 Un
690 2439 82 25 nègre,
791 2440 79 21 blessé
887 2441 60 22 hier,
966 2443 37 18 est
1022 2439 96 25 décédé,
1135 2446 28 15 ce

606 2465 42 25 qui
662 2467 69 23 porte
744 2465 16 21 à
772 2467 64 19 deux
850 2468 22 18 le
885 2466 61 20 total
959 2467 44 22 des
1016 2466 119 20 victimes.

635 2490 45 21 Cet
697 2490 150 25 après-midi,
866 2492 39 20 six
924 2491 87 25 nègres
1030 2495 43 18 ont
1091 2492 72 20 battu

608 2517 23 19 et
647 2516 106 21 dévalisé
769 2522 32 15 un
817 2518 71 19 blanc
905 2518 41 24 qui
962 2524 14 14 a
992 2517 33 21 dû
1042 2517 51 21 être
1108 2519 46 19 hos-

607 2542 104 24 pitalisé,
732 2544 25 19 et
778 2544 43 18 ont
841 2543 107 24 disparu.
970 2543 37 20 De
1028 2544 135 20 nombreux

608 2567 88 26 nègres
729 2568 45 20 ont
804 2569 102 21 menacé
932 2570 172 20 ouvertement
1130 2570 34 19 les

607 2594 181 24 commerçants
808 2595 86 20 blancs
922 2595 31 20 de
980 2600 184 15 recommencer

608 2624 47 15 une
671 2621 102 23 attaque
790 2620 30 20 de
835 2620 62 26 nuit.

634 2646 36 19 La
683 2645 78 26 police
774 2652 15 14 a
803 2646 82 21 arrêté
898 2647 112 24 jusqu'ici
1023 2647 41 20 120
1076 2645 88 27 nègres

608 2671 59 20 dent
690 2672 14 20 5
725 2672 184 23 communistes.
932 2673 54 19 Elle
1008 2679 15 14 a
1045 2674 109 23 perquisi-

607 2697 85 21 tionné
712 2702 32 15 au
764 2696 67 26 siège
851 2697 30 20 de
900 2698 165 20 l'association
1087 2700 64 19 extré-

607 2721 74 21 miste
698 2722 76 26 nègre
790 2724 44 20 des
851 2723 87 24 jeunes
954 2723 153 24 libérateurs.

803 2756 38 32 La
859 2758 107 36 misère,

652 2811 82 21 cause
756 2801 150 38 principale
929 2801 48 32 des
1000 2801 123 33 troubles

846 2851 70 21 New-
917 2852 75 22 York.
1012 2853 27 20 21
1057 2858 75 16 mars.

641 2877 47 21 Les
714 2877 125 25 magasins
867 2879 98 20 italiens
992 2880 33 20 du
1050 2880 111 24 quartier

613 2905 55 19 noir
691 2905 29 20 de
741 2905 102 20 Harlem
867 2906 44 19 ont
932 2906 229 24 particulièrement

613 2932 107 20 souffert
742 2932 29 19 de
793 2931 114 21 l'émeute
935 2934 26 19 et
988 2933 43 20 des
1058 2934 103 24 pillages

613 2957 162 21 d'avant-hier
795 2964 12 13 «
816 2964 30 15 en
868 2959 83 20 raison
974 2960 32 20 du
1027 2960 134 21 sentiment

612 2984 139 20 antiitalien
789 2985 124 24 provoqué
952 2991 46 19 par
1036 2987 126 21 l'incident

610 3011 100 25 abyssin
719 3017 20 18 »,
767 3012 36 20 dit
828 3013 22 22 le
876 3018 12 13 «
902 3012 141 21 New-York
1065 3014 61 19 Pest
1140 3020 20 15 ».

610 3037 63 20 mais
692 3039 25 19 la
734 3038 82 20 raison
836 3039 136 25 principale
991 3041 42 19 des
1051 3041 109 19 troubles

608 3065 94 19 semble
718 3065 56 20 bien
790 3064 51 21 être
857 3066 25 19 la
896 3066 97 23 misère,
1006 3068 25 19 et
1039 3071 31 15 on
1079 3068 80 19 craint

611 3091 30 20 de
659 3096 130 16 nouveaux
807 3091 116 23 troubles.

640 3118 185 25 Quatre-vingts
852 3124 62 20 pour
940 3119 57 20 cent
1024 3120 43 20 des
1094 3121 66 19 noirs

612 3145 29 21 de
660 3145 104 20 Harlem
784 3145 122 23 chôment.
925 3145 36 21 La
980 3146 125 21 mortalité
1123 3148 28 19 at-

613 3171 63 23 teint
696 3172 61 20 18.15
777 3177 23 19 p.
821 3177 27 18 c,
866 3173 51 20 soit
936 3173 22 20 le
979 3174 87 20 double
1087 3174 29 20 de
1135 3174 25 20 la

611 3203 120 19 moyenne
749 3199 28 20 de
792 3199 147 21 New-Ycrk.

639 3225 37 19 De
702 3226 136 20 nombreux
863 3230 180 21 commerçants
1075 3227 86 20 blancs

613 3252 112 20 refusent
748 3253 149 24 d'employer
927 3253 41 21 des
998 3254 76 24 noirs,
1081 3262 5 9 •
1104 3254 57 20 bien

611 3278 72 24 qu'ils
708 3281 167 20 commercent
899 3285 104 20 presque
1029 3280 123 21 exclusive-

610 3306 70 19 ment
698 3310 60 15 avec
781 3311 53 15 eux.

607 3336 349 26 ——————
955 3330 205 33 ———è—

1188 555 66 88 La
1315 554 197 90 France
1570 564 51 79 et
1676 556 193 99 l'Italie,
1921 557 29 87 à
2007 556 112 87 leur
2183 563 134 95 tour,

1303 674 198 62 protestent
1528 671 20 52 à
1577 670 116 54 Berlin
1716 673 123 50 contre
1862 671 32 52 le
1917 670 285 54 rétablissement

1187 749 53 71 de
1284 750 215 70 l'aviation
1546 749 204 70 militaire
1782 753 46 65 et
1858 749 54 70 de
1944 750 42 70 la
2025 750 293 84 conscription

1284 892 206 46 Sur-le-champ,
1514 891 24 37 le
1561 890 117 38 ministre
1701 889 126 38 allemand
1851 890 46 38 des
1919 890 116 39 Affaires
2056 885 162 52 Etrangères,

1317 960 15 29 a
1356 950 104 39 déclaré
1484 956 140 39 repousser
1643 948 39 37 les
1705 949 148 43 arguments
1876 948 32 38 de
1931 948 24 39 la
1979 951 58 35 note
2060 949 130 45 française

609 4153 40 24 On
660 4153 87 29 fêtera
758 4153 223 30 prochainement
992 4153 17 24 à
1023 4151 138 28 Thimêon,

608 4182 64 30 près
689 4183 33 24 dc
738 4183 140 27 Gosselies,
894 4183 25 23 le
938 4182 131 25 centième
1086 4181 65 25 anni-

610 4212 117 23 versaire
754 4212 33 24 de
813 4212 26 24 la
866 4212 141 24 naissance
1033 4213 34 23 de
1091 4212 70 24 Mme

608 4241 52 25 Vve
681 4242 106 23 Istasse.
808 4241 58 24 Elle
887 4242 45 24 n'a
953 4249 49 23 pas
1028 4249 31 16 ea
1081 4242 61 23 d'en-

606 4270 79 28 fants,
709 4270 67 24 mais
800 4271 50 24 elle
873 4273 107 27 compte
1002 4272 89 29 parmi
1112 4278 44 17 ses

608 4305 103 18 neveux
743 4300 25 24 te
799 4300 264 30 lieutenant-général
1094 4301 62 24 Bie-

661 4329 96 30 buyck,
773 4330 62 24 aide
851 4330 33 24 de
901 4337 79 24 camp
999 4331 37 24 du
1051 4330 60 25 Roi.

611 4445 71 23 d'une
700 4451 84 19 grosse
802 4448 73 20 firme
893 4450 30 20 de
942 4449 107 20 travaux
1066 4449 95 24 publics

608 4472 41 24 qui
665 4476 17 15 a
697 4473 105 20 souscrit
817 4479 46 20 par
878 4478 122 20 personne
1014 4474 146 25 interposée.

634 4497 112 21 Attendu
759 4498 58 24 qu'il
831 4503 39 20 est
884 4501 117 19 constant
1014 4506 48 19 que
1076 4501 25 20 la
1107 4506 45 19 per-

608 4522 124 22 sonnalité
756 4523 66 21 visée
846 4530 17 15 a
887 4524 40 22 été
952 4527 137 23 pressentie
1115 4532 46 19 par

610 4550 31 21 M.
657 4550 56 20 Van
732 4548 152 23 Cauwelaert
901 4552 131 23 lui-même,
1050 4557 60 16 avec
1130 4553 22 20 le-

607 4575 56 25 quel
678 4576 17 19 il
710 4575 133 22 entretient
858 4577 85 24 depui_
956 4578 56 25 près
1028 4580 29 19 de
1072 4579 28 20 20
1115 4584 46 15 ans

609 4601 43 21 des
672 4601 119 21 relations
812 4602 122 24 amicales,
955 4609 63 19 pour
1039 4605 122 20 souscrire

607 4627 17 21 à
644 4627 157 26 l'organisme
821 4632 118 19 nouveau.

636 4650 63 28 Qu'il
719 4653 93 21 résulte
830 4654 71 21 d'une
919 4655 72 21 lettre
1010 4656 33 21 du
1062 4657 28 20 25
1107 4661 48 20 sep-

611 4680 96 21 tembre
728 4684 48 20 que
797 4680 66 20 cette
885 4680 130 23 démarche
1035 4683 41 19 fut
1096 4682 62 20 faite

608 4707 62 19 dans
684 4707 22 19 le
719 4708 106 18 courant
837 4707 32 19 du
884 4706 36 21 dit
931 4708 70 23 mois,
1014 4707 146 24 c'est-à-dire

607 4732 140 25 longtemps
765 4733 78 21 avant
860 4732 58 24 qu'il
938 4737 31 16 ne
989 4735 40 21 fut
1048 4735 112 23 question

608 4760 29 19 de
651 4758 25 20 la
688 4759 75 20 chute
776 4759 34 20 du
823 4758 127 22 ministère
965 4759 29 23 de
1007 4760 153 24 Broqueville

610 4784 38 21 (15
666 4785 144 21 novembre)
829 4785 26 20 et
872 4783 31 24 de
920 4784 24 20 la
961 4785 152 21 nomination
1132 4787 29 20 de

612 4810 32 23 M.
664 4810 56 21 Van
742 4810 155 21 Cauwelaert
916 4815 33 15 au
968 4810 127 21 ministère
1117 4811 41 21 des

611 4836 116 21 Travaux
740 4837 96 24 publics
853 4836 39 22 (20
908 4836 152 23 novembre).

635 4863 62 24 Qu'à
711 4864 24 21 la
750 4864 57 20 date
823 4864 35 20 du
872 4864 27 20 25
914 4863 139 24 septembre
1070 4864 34 21 M.
1118 4864 43 20 Y...

608 4889 68 21 avait
695 4888 57 25 déjà
771 4888 102 25 accepté
893 4895 34 15 au
947 4889 79 20 moins
1045 4893 31 18 en
1096 4890 57 24 prin-

608 4913 60 25 cipe,
685 4917 30 20 de
731 4915 130 21 souscrire.

636 4940 53 24 Que
707 4941 71 21 l'acte
796 4941 112 25 syndical
924 4940 126 22 lui-même
1069 4942 40 20 fut
1125 4940 28 22 ré-

614 4964 55 26 digé
692 4967 22 20 le
737 4967 28 19 15
787 4967 140 24 novembre,
949 4972 48 19 que
1019 4967 83 22 tcutee
1124 4967 36 21 les

612 4993 178 24 souscriptions
810 4992 95 24 étaient
926 4994 63 20 donc
1011 4994 114 24 acquises
1144 4998 17 15 a

614 5018 65 20 cette
699 5020 64 23 date,
782 5025 48 19 que
850 5021 40 20 cet
910 5022 56 19 acte
986 5021 41 21 fut
1045 5020 71 25 signé
1136 5021 23 20 le

613 5044 27 20 17
657 5046 140 21 novembre.

634 5070 111 22 Attendu
760 5077 47 19 que
822 5072 27 23 la
863 5072 167 26 personnalité
1046 5072 67 22 visée
1130 5078 31 16 ne

608 5097 102 24 pouvait
722 5102 34 15 au
769 5100 111 19 moment
895 5099 30 20 de
939 5104 45 15 saa
998 5100 163 25 engagement

608 5122 115 22 attendre
738 5123 26 20 la
780 5124 111 21 moindre
906 5125 90 23 faveur
1011 5126 29 23 de
1058 5126 33 21 M.
1106 5126 55 21 Van

609 5148 160 21 Cauwelaert.

635 5174 111 20 Attendu
769 5180 48 19 que
839 5176 67 20 cette
930 5177 168 24 personnalité
1121 5178 39 20 n'a

609 5204 46 20 pas
680 5205 119 19 comparu
828 5202 137 21 elle-même
993 5202 17 21 à
1039 5203 72 23 l'acte
1133 5213 28 5 —

608 5225 88 25 qu'elle
720 5225 60 24 s'est
804 5227 47 20 fait
875 5227 157 26 représenter
1057 5235 46 19 par
1129 5230 31 20 M.

609 5253 54 20 Van
680 5252 155 21 Cauwelaert
852 5253 48 21 fils.

636 5278 53 24 Que
705 5283 29 16 ce
750 5277 48 21 fait
815 5279 40 20 n'a
871 5279 53 22 rien
942 5280 143 24 d'anormal,
1104 5281 56 25 qu'il

609 5307 39 20 est
666 5303 177 21 actuellement
861 5308 104 18 courant
985 5311 47 19 que
1050 5307 64 20 dans
1131 5306 30 21 de

609 5330 136 20 nombreux
762 5330 70 19 actes
850 5329 30 20 de
899 5331 161 22 constitution
1079 5334 82 20 de»so-

609 5354 83 25 ciétés,
710 5360 33 15 on
763 5355 106 21 souscrit
889 5360 46 20 par
954 5359 70 23 porte
1044 5357 88 28 fort_9p

636 5380 171 26 Qu'interrogé
828 5380 122 23 d'ailleurs
970 5388 46 20 par
1036 5388 63 18 rous
1118 5389 44 16 sur

606 5406 38 21 lee
669 5407 86 22 motifs
781 5411 64 21 pour
867 5407 106 24 lesquels
998 5409 16 20 il
1037 5415 31 15 en
1094 5410 67 20 avait

609 5433 64 20 ainsi
691 5434 49 24 agi.
758 5433 18 21 il
793 5439 16 15 a
827 5432 57 21 bien
903 5433 74 21 voulu
995 5435 35 20 Us
1050 5436 111 24 indiquer

608 5468 29 6 —
658 5460 94 20 ceux-ci
775 5460 59 19 sont
856 5458 58 22 d'un
937 5459 72 20 ordre
1032 5462 128 23 personnel

609 5484 156 21 absolument
788 5484 119 25 étranger
935 5484 17 21 à
982 5490 39 16 ses
1045 5487 117 20 relations

607 5514 61 17 avec
682 5511 33 19 M.
730 5511 54 21 Van
798 5510 161 21 Cauwelaert.

635 5535 111 21 Attendu
766 5536 59 25 qu'il
846 5535 93 22 résulte
962 5536 29 20 de
1013 5538 40 20 cet
1073 5538 89 25 exposé

609 5566 48 19 que
672 5561 23 21 si
712 5567 35 16 au
763 5567 74 16 cours
856 5565 30 20 de
905 5567 30 15 sa
953 5561 107 22 carrière
1080 5564 74 21 minis-

608 5585 102 24 térielle*.
730 5588 33 20 M.
782 5588 56 21 Van
859 5588 155 21 Cauwelaert
1031 5589 39 20 est
1089 5589 65 21 inter-

609 5617 65 16 venu
699 5613 224 24 personnellement
946 5619 64 20 pour
1034 5614 128 25 empëch-r

610 5638 24 20 la
657 5637 147 22 défaillance
829 5640 71 21 d'une
924 5640 93 21 affaire
1042 5640 62 22 dans
1130 5641 24 20 la-

609 5663 79 25 quelle
701 5665 18 19 il
734 5665 68 22 avait
816 5670 31 15 eu
861 5664 210 23 antérieurement
1086 5666 67 20 direc-

610 5690 95 20 tement
726 5695 39 15 ou.
782 5691 188 22 indirectement
993 5692 43 21 des
1059 5691 104 22 intérêts

610 5719 32 17 ou
659 5716 43 20 des
719 5716 209 24 responsabilités.

637 5736 38 31 %e
695 5742 95 21 Comité
811 5744 125 20 directeur
953 5744 31 20 de
1002 5744 97 21 VUnion
1119 5744 34 20 Ca-

614 5767 109 25 tholique
740 5768 77 25 Belge
836 5770 113 20 constate
967 5771 58 23 qu'il
1042 5776 16 14 «
1075 5770 55 22 o£**H
1146 5770 16 20 à

614 5793 45 20 des
684 5794 103 20 mobiles
815 5795 155 22 absolument
997 5796 167 24 respectables

614 5820 27 19 et
655 5819 40 20 n'a
710 5820 71 24 point
797 5822 149 22 compromis
962 5826 47 20 par
1025 5827 47 15 son
1087 5823 67 20 inter-

615 5845 103 20 vention
737 5845 27 21 la
786 5847 93 23 dignitc
903 5848 26 19 et
953 5847 23 21 le
999 5849 110 24 prestige
1131 5849 32 20 de

614 5875 41 17 se»
668 5870 134 28 fpnctiqps.

1457 1015 100 27 Berlin,
1577 1014 29 23 21
1628 1020 79 17 mars.

1217 1046 33 25 M.
1271 1046 128 30 François
1419 1046 100 23 Poncet
1540 1052 15 16 a
1574 1043 41 24 été
1636 1049 70 23 reçu,
1726 1042 14 23 à

1186 1076 27 24 11
1232 1077 35 27 h.,
1284 1084 48 23 par
1346 1070 26 30 îe
1389 1077 83 22 baron
1490 1081 50 17 von
1557 1070 126 28 Neurath.
1702 1071 38 24 Au

1185 1113 79 17 cours
1277 1107 31 23 de
1320 1106 153 26 l'entrevue,
1486 1103 209 28 l'ambassadeur
1709 1101 32 26 de

1185 1136 102 24 France
1307 1144 14 16 a
1341 1136 80 23 remis
1440 1141 34 18 au
1492 1134 122 24 ministre
1634 1134 46 23 des
1698 1132 33 23 Af-

1185 1165 82 25 faires
1289 1165 159 30 Etrangères
1469 1164 35 24 du
1526 1163 85 24 Reich
1632 1163 26 23 la
1679 1163 62 22 noie

1185 1196 32 23 dc
1236 1195 175 30 protestation
1430 1194 123 24 adressée
1571 1199 50 24 par
1638 1193 24 23 le
1680 1197 51 25 gou-

1185 1226 154 22 vernement
1354 1224 119 29 français
1486 1230 34 17 au
1534 1223 208 30 gouvernement

1186 1254 34 24 du
1242 1254 91 26 Reich,
1352 1254 15 22 à
1388 1253 23 24 la
1431 1253 68 23 suite
1521 1253 32 23 de
1573 1253 24 22 la
1618 1251 122 25 décision

1186 1284 72 29 prise
1281 1290 49 23 par
1354 1282 107 24 celui-ci
1485 1283 32 23 dc
1541 1282 147 29 reprendre
1712 1286 28 18 sa

1185 1314 94 23 liberté
1298 1319 32 17 en
1350 1312 110 24 matière
1480 1312 195 23 d'armements.

1473 1408 84 27 Paris,
1577 1408 29 22 21
1628 1414 80 18 mars.

1218 1446 75 24 Voici
1316 1447 24 23 le
1363 1446 70 23 texte
1456 1445 32 23 dc
1511 1445 25 23 la
1560 1447 62 21 note
1645 1451 96 17 remise

1184 1483 49 23 par
1246 1476 32 24 M.
1293 1476 107 27 Poncet,
1413 1474 190 24 ambassadeur
1617 1475 31 22 dc
1661 1474 69 22 Fran-

1184 1513 30 16 ce
1237 1506 14 23 à
1273 1505 100 26 Berlin,
1395 1511 33 17 au
1450 1506 208 29 gouvernement
1680 1503 50 23 alle-

1185 1535 89 25 mand,
1292 1541 32 18 en
1345 1534 114 30 réponse
1478 1534 15 23 à
1513 1540 28 17 sa
1561 1534 170 23 communica-

1185 1565 56 23 tion
1261 1565 35 23 du
1316 1564 30 24 16
1363 1570 71 17 mars
1453 1563 64 23 1935
1537 1569 7 18 :

1211 1605 110 22 Recevant
1350 1603 168 23 l'ambassadeur
1548 1603 28 22 de
1606 1601 82 23 France
1717 1601 21 22 le

1185 1637 25 19 16
1228 1641 65 18 mars,
1306 1633 37 23 M.
1360 1634 19 22 le
1398 1633 125 22 Chancelier
1540 1633 30 21 du
1589 1632 67 21 Reich
1674 1632 31 21 lui
1724 1638 13 14 a

1184 1665 73 21 donné
1274 1664 152 22 connaissance
1445 1664 52 21 d'un
1517 1666 57 18 texte
1592 1662 28 21 dc
1639 1662 29 22 loi
1686 1668 40 19 pro-

1184 1695 87 24 mulgué
1284 1695 20 21 le
1319 1694 70 21 même
1403 1693 57 26 jour,
1475 1700 40 18 par
1528 1692 68 26 lequel
1611 1692 20 22 le
1644 1698 82 20 gouver-

1184 1727 87 19 nement
1287 1724 109 21 allemand
1413 1730 13 15 a
1442 1722 77 23 rétabli
1535 1729 27 14 en
1579 1722 124 25 Allemagne
1719 1721 19 21 lc

1184 1754 80 22 service
1286 1754 100 21 militaire
1410 1752 128 25 obligatoire
1558 1754 24 19 ct
1605 1751 63 26 porté
1689 1751 38 22 l'ef-

1185 1783 61 21 fectif
1265 1783 26 22 de
1311 1783 85 22 l'armée
1414 1782 120 21 allemande
1550 1781 16 22 à
1581 1782 27 24 36
1626 1779 112 24 division*.

1184 1813 47 21 Une
1245 1812 93 22 semaine
1354 1812 47 25 plus
1416 1812 41 23 tôt,
1470 1812 30 21 les
1513 1810 105 22 autorités
1632 1810 94 22 alleman-

1183 1843 37 21 des
1239 1842 87 21 avaient
1345 1842 67 20 rendu
1433 1841 101 22 officielle
1554 1841 20 21 la
1594 1840 143 22 constitution

1184 1871 64 22 d'une
1262 1871 97 21 aviation
1374 1870 101 22 militaire
1489 1869 128 22 allemande.

1212 1901 40 21 Ces
1274 1900 106 22 décisions
1400 1903 51 18 sont
1475 1902 121 19 nettement
1620 1898 118 22 contraires

1184 1937 41 14 aux
1246 1932 151 21 engagements
1416 1929 144 22 contractuels
1579 1929 85 21 inscrits
1683 1928 54 21 dans

1184 1960 30 21 les
1233 1960 75 21 traités
1328 1966 43 18 que
1390 1959 140 24 l'Allemagne
1550 1965 14 15 a
1583 1957 78 27 signés.
1681 1957 57 22 Elles

1183 1992 49 18 sont
1245 1989 119 24 également
1376 1989 117 21 contraires
1504 1989 13 20 à
1529 1988 20 21 la
1561 1987 134 22 déclaration
1706 1987 31 21 du

1185 2024 23 15 11
1229 2018 113 22 décembre
1362 2024 60 18 103c.
1442 2024 39 19 par
1498 2017 91 26 laquelle
1606 2017 19 22 le
1644 2022 83 20 gouver-

1184 2052 88 18 nement
1289 2049 31 20 du
1338 2048 67 21 Reich
1424 2055 13 14 a
1454 2047 170 25 spontanément
1642 2053 95 15 reconnu

1184 2078 67 24 qu'un
1263 2080 70 20 statut
1346 2077 85 24 général
1444 2077 38 21 des
1493 2079 132 19 armements
1637 2082 90 19 compor-

1185 2111 48 17 tant
1247 2113 56 19 pour
1316 2107 139 24 l'Allemagne
1467 2106 92 25 l'égalité
1571 2106 27 21 de
1612 2106 59 22 droit
1685 2112 53 14 avec

1185 2140 73 18 toutes
1269 2138 29 21 les
1310 2136 87 22 nations
1411 2143 26 15 ne
1450 2136 82 22 saurait
1543 2136 46 21 être
1603 2135 74 22 réalisé
1687 2141 52 16 sans

1184 2167 174 21 l'établissement
1374 2166 52 21 d'un
1441 2165 79 25 régime
1535 2165 26 22 de
1574 2164 92 23 sécurité
1682 2171 56 19 pour

1185 2199 57 19 tous.

1211 2225 69 25 Après
1303 2225 104 24 plusieurs
1431 2224 156 25 protestations
1609 2224 92 22 tendant
1725 2224 13 21 à

1184 2255 85 21 donner
1282 2254 55 24 effet
1350 2255 13 21 à
1378 2261 24 15 ce
1417 2254 103 25 principe,
1533 2254 20 21 le
1567 2256 170 23 gouvernement

1184 2284 100 25 français,
1297 2284 100 21 d'accord
1411 2290 53 16 avec
1478 2284 19 21 le
1510 2286 170 23 gouvernement
1693 2283 34 22 bri-

1185 2314 111 24 tannique,
1316 2314 60 21 avait
1398 2320 37 15 cru
1458 2313 94 25 pouvoir
1574 2313 120 25 témoigner
1713 2319 26 16 sa

1184 2343 113 22 confiance
1311 2350 28 14 au
1354 2346 171 22 gouvernement
1540 2342 29 22 du
1586 2343 67 21 Reich
1667 2349 27 15 en
1708 2342 30 22 lui

1185 2376 119 22 proposant
1324 2380 41 14 une
1384 2373 119 25 procédure
1520 2372 27 23 de
1565 2372 53 22 libre
1638 2372 89 25 négocia-

1185 2403 53 23 tion,
1255 2403 130 24 pleinement
1401 2402 132 25 compatible
1550 2408 53 15 avec
1620 2401 19 22 le
1655 2404 83 23 respect

1184 2432 30 22 du
1232 2432 58 21 droit
1308 2435 21 18 et
1346 2432 38 22 des
1400 2431 76 22 traités
1491 2437 57 19 pour
1563 2431 175 23 l'établissement

1184 2468 41 18 par
1240 2462 50 21 voie
1308 2461 154 22 contractuelle
1479 2461 53 21 d'un
1549 2467 102 15 nouveau
1668 2463 70 19 statut

1185 2491 153 22 d'armements
1356 2491 26 22 de
1398 2490 139 25 l'Allemagne
1553 2490 54 22 dans
1625 2496 30 15 un
1671 2490 56 26 règle-

1186 2524 58 18 ment
1259 2521 86 25 générai
1361 2521 30 21 du
1408 2520 111 25 prob'ème
1533 2520 27 22 de
1574 2520 22 22 la
1610 2520 92 21 sécurité
1716 2522 22 19 ct

1185 2551 38 21 des
1248 2553 142 22 armements;
1417 2553 22 19 et
1466 2550 20 22 le
1510 2552 172 23 gouvernement
1708 2549 30 21 du

1185 2580 67 21 Reich
1266 2580 60 21 avait
1340 2586 54 18 paru
1409 2579 93 25 justifier
1516 2580 56 21 cette
1584 2579 113 22 confiance
1710 2585 27 15 en

1186 2612 114 23 acceptant
1316 2610 19 21 le
1352 2609 95 25 principe
1466 2609 64 21 d'une
1546 2608 50 22 telle
1614 2608 124 25 procédure.

1213 2639 32 21 La
1258 2638 135 26 publication
1408 2639 27 21 dc
1450 2639 21 21 la
1485 2639 30 20 loi
1529 2637 121 23 allemande
1665 2638 30 21 du
1713 2638 25 19 16

1185 2675 58 15 mars
1255 2669 138 21 intervenant
1406 2669 162 23 brusquement,
1582 2674 41 19 peu
1637 2669 68 20 avant
1716 2667 21 21 la

1186 2698 50 21 date
1250 2698 54 22 fixée
1318 2704 56 18 pour
1388 2704 29 15 un
1432 2697 93 25 premier
1537 2697 94 25 échange
1644 2698 27 21 dc
1686 2703 53 15 vues

1185 2730 60 19 entre
1257 2728 20 22 le
1291 2730 170 21 gouvernement
1476 2728 30 24 du
1522 2727 67 22 Reich
1604 2730 22 19 et
1641 2726 44 23 l'un
1701 2726 38 23 des

1184 2757 56 21 deux
1255 2760 181 22 gouvernements
1451 2757 126 24 signataires
1592 2756 30 21 du
1639 2762 87 16 commu-

1185 2786 65 25 niqué
1271 2787 27 22 de
1320 2786 97 23 Londres
1439 2786 29 22 du
1490 2792 13 19 3
1525 2786 84 24 février,
1631 2785 107 22 constitue

1185 2822 42 15 une
1245 2816 99 22 nouvelle
1363 2816 163 22 manifestation
1544 2816 37 22 des
1599 2815 139 26 dispositions

1184 2848 22 19 et
1227 2846 37 21 des
1285 2846 113 21 méthodes
1416 2852 42 18 que
1479 2845 19 22 le
1518 2847 171 22 gouvernement
1708 2845 29 21 du

1185 2875 67 21 Reich
1268 2875 81 22 entend
1368 2881 93 19 opposer
1476 2881 43 15 aux
1537 2875 67 21 offres
1621 2875 27 21 de
1665 2873 62 23 conci-

1184 2905 77 25 liation
1277 2905 37 24 Qui
1330 2904 30 22 lui
1376 2907 51 19 sont
1444 2905 70 22 faites.

1212 2940 48 22 Une
1274 2941 80 22 double
1367 2941 147 22 constatation
1529 2940 100 26 s'impose
1643 2940 38 22 dès
1694 2940 44 22 lors

1185 2976 27 15 au
1229 2973 170 22 gouvernement
1415 2971 27 22 de
1459 2971 21 21 la
1496 2970 145 26 République.

1212 3005 72 22 D'une
1306 3009 56 22 part,
1381 3009 23 19 et
1425 3007 65 21 d'une
1510 3006 64 25 façon
1594 3005 105 26 générale,
1719 3005 20 22 le

1185 3039 170 20 gouvernement
1376 3036 28 20 du
1426 3036 66 20 Reich
1513 3035 125 22 méconnaît
1658 3035 69 21 délibé-

1185 3065 83 20 rément
1290 3065 19 21 le
1331 3063 96 25 principe
1450 3065 96 21 essentiel
1569 3065 29 21 du
1619 3064 59 21 droit
1700 3064 39 22 des

1184 3100 51 18 gens
1253 3094 120 24 qu'aucune
1390 3094 112 24 puissance
1521 3100 26 16 ne
1564 3096 53 23 peut
1633 3100 23 15 se
1672 3093 67 22 délier

1185 3122 26 22 de
1228 3123 156 25 l'engagement
1400 3123 52 22 d'un
1471 3123 65 21 traité
1551 3123 23 22 ni
1592 3130 27 15 en
1636 3123 103 22 modifier

1182 3152 29 22 les
1222 3152 138 26 stipulations
1370 3153 91 25 qu'avec
1471 3151 156 25 l'assentiment
1639 3152 38 23 des
1688 3159 40 18 par-

1185 3182 39 22 ties
1246 3184 160 20 contractantes
1428 3185 22 19 et
1471 3188 40 19 par
1532 3182 19 22 le
1573 3188 78 19 moyen
1673 3182 65 22 d'une

1185 3214 86 20 entente
1284 3212 98 21 amicale.

1211 3241 92 22 D'autre
1317 3244 56 22 part,
1385 3244 22 19 et
1417 3248 27 15 en
1457 3241 131 26 particulier,
1600 3241 63 26 après
1675 3241 63 22 avoir

1184 3270 113 22 lui-même
1313 3271 91 25 marqué
1421 3278 39 15 son
1479 3271 56 22 désir
1551 3271 27 22 de
1596 3271 49 21 voir
1663 3271 76 22 éclair-

1184 3301 31 20 cir
1234 3303 60 19 entre
1311 3300 123 25 puissances
1452 3300 123 22 intéressées
1593 3301 31 22 les
1643 3301 96 22 données

1185 3330 134 22 immédiates
1338 3330 65 21 d'une
1423 3330 135 25 négociation
1578 3330 15 22 à
1611 3330 92 26 laquelle
1723 3330 15 22 il

1184 3359 54 22 était
1258 3359 83 25 convié,
1359 3360 20 22 le
1397 3362 170 22 gouvernement
1586 3359 30 22 du
1638 3360 66 21 Reich
1725 3366 13 14 a

1185 3388 153 23 délibérément
1356 3389 44 25 pris
1416 3389 31 22 les
1464 3395 93 16 mesures
1574 3389 31 22 les
1621 3389 48 26 plus
1686 3396 40 19 pro-

1184 3425 48 18 pres
1247 3418 14 22 à
1276 3421 168 22 compromettre
1459 3419 20 21 le
1494 3421 47 20 sort
1556 3419 27 21 ds
1599 3421 56 20 cette
1671 3419 55 25 négo-

1184 3448 87 25 ciation,
1285 3455 27 15 cn
1329 3448 31 21 luï
1375 3451 139 22 soustrayant
1530 3448 104 22 d'avance
1649 3451 24 19 et
1689 3449 37 21 uni-

1184 3477 156 26 latéralement,
1358 3484 40 19 par
1417 3478 19 21 le
1455 3478 41 21 fait
1514 3478 113 26 accompli,
1646 3479 45 21 l'un
1711 3478 27 22 de

1185 3512 32 17 ses
1232 3507 71 25 objets
1319 3507 115 22 essentiels.

1212 3537 31 21 Le
1259 3540 170 22 gouvernement
1447 3537 27 22 de
1490 3537 22 21 la
1530 3537 138 26 République
1686 3544 13 15 a
1718 3537 20 22 le

1184 3565 77 22 devoir
1278 3566 92 22 d'élever
1387 3567 21 21 la
1425 3567 145 24 protestation
1588 3567 21 21 la
1626 3567 48 26 plus
1691 3567 36 22 for-

1185 3596 61 21 melle
1263 3598 75 20 contre
1353 3603 34 16 ces
1403 3603 100 18 mesures,
1519 3602 29 16 au
1565 3597 58 25 sujet
1639 3597 88 25 desquel-

1185 3625 29 22 les
1231 3625 14 21 il
1263 3625 95 22 formule
1373 3625 38 22 dès
1428 3626 137 21 maintenant
1582 3628 72 20 toutes
1670 3626 56 22 réser-

1184 3661 44 18 ves,
1240 3654 108 22 conscient
1361 3655 27 22 de
1399 3655 83 22 l'effort
1494 3656 27 21 de
1533 3656 138 21 conciliation
1684 3656 53 25 qu'il

1184 3684 35 21 n'a
1235 3684 55 22 cessé
1305 3684 27 23 de
1348 3685 127 22 Poursuivre
1489 3691 27 15 en
1533 3688 62 19 toute
1610 3685 89 25 loyauté
1715 3688 22 20 et

1184 3720 53 15 avec
1250 3713 19 22 le
1283 3714 49 24 plus
1344 3717 102 19 constant
1458 3715 61 21 souci
1534 3714 26 22 de
1573 3715 22 21 la
1609 3714 82 25 dignité
1705 3715 21 21 al-

1185 3742 98 23 lemande
1303 3749 55 18 pour
1375 3744 92 21 associer
1483 3744 132 25 pleinement
1632 3744 19 22 le
1670 3744 67 22 Reich

1184 3771 14 22 à
1215 3772 162 26 l'organisation
1397 3773 28 22 de
1444 3774 21 21 la
1484 3772 93 23 sécurité
1595 3774 142 25 européenne.

1184 3801 19 21 Il
1220 3808 26 15 ne
1262 3805 53 22 peut
1331 3808 41 19 que
1389 3802 72 22 laisser
1477 3802 14 22 à
1505 3803 22 21 la
1543 3803 77 25 charge
1636 3803 30 22 du
1682 3809 43 20 gou-

1184 3834 126 18 vernement
1325 3831 107 22 allemand
1447 3833 20 20 la
1482 3832 163 25 responsabilité
1659 3832 27 23 de
1700 3833 26 21 Té-

1184 3862 34 19 tât
1233 3860 27 22 de
1276 3860 88 23 malaise
1379 3861 55 22 ainsi
1450 3861 47 22 créé
1514 3862 55 21 dans
1585 3862 19 21 le
1620 3862 80 22 monde
1715 3865 22 19 et

1184 3889 37 23 des
1242 3890 156 25 conséquences
1418 3891 39 24 qui
1476 3894 95 22 peuvent
1592 3898 27 14 en
1641 3891 96 25 résulter,

1184 3919 132 23 c'est-à-dire
1329 3920 38 23 des
1378 3920 131 25 obligations
1520 3921 39 25 qui
1571 3924 94 22 peuvent
1677 3921 48 22 s'im-

1185 3954 68 19 poser,
1274 3949 27 22 de
1322 3956 22 14 ce
1367 3950 48 23 fait,
1434 3956 42 15 aux
1497 3953 181 21 gouvernements
1699 3950 38 22 des

1184 3978 115 23 différents
1316 3984 54 20 pays
1387 3979 118 22 intéressés.

1211 4007 88 24 Décidé,
1316 4014 28 16 en
1360 4015 24 15 ce
1402 4008 37 25 qui
1457 4009 19 22 le
1493 4015 111 19 concerne,
1620 4008 14 22 à
1652 4009 73 22 recher-

1183 4036 51 22 cher
1247 4039 49 20 tous
1310 4037 30 22 les
1354 4044 91 19 moyen?
1456 4038 28 22 de
1496 4038 158 22 collaboration
1668 4039 57 21 inter-

1184 4066 108 22 national;
1306 4073 89 18 propres
1410 4067 14 22 à
1440 4067 90 25 dissiper
1543 4074 24 16 ce
1582 4068 88 22 malaise
1685 4071 23 19 et
1722 4068 16 22 à

1183 4096 144 24 sauvegarder
1344 4097 20 21 la
1383 4096 50 25 paix
1449 4097 27 21 de
1491 4096 110 26 l'Europe,
1618 4097 16 22 il
1650 4098 55 21 tient
1721 4097 15 22 à

1185 4124 128 25 réaffirmer,
1331 4132 54 15 avec
1403 4132 40 16 son
1461 4129 82 22 respect
1562 4127 26 21 de
1607 4127 22 21 la
1648 4127 32 22 foi
1698 4127 39 22 des

1185 4153 81 25 traités,
1286 4161 25 15 sa
1333 4155 68 23 ferme
1424 4155 118 22 résolution
1564 4156 28 22 de
1614 4156 123 26 n'accepter

1184 4182 55 22 dans
1259 4189 84 16 aucune
1364 4184 136 23 négociation
1522 4186 53 24 qu.I
1598 4186 70 25 puisse
1690 4186 46 21 être

1185 4211 41 22 fait
1242 4210 45 23 état
1304 4212 26 22 d;
1347 4213 106 23 décisions
1470 4214 137 23 unilatérales
1625 4215 66 24 prises
1708 4221 27 15 en

1183 4240 107 22 violation
1312 4242 173 25 d'engagements
1505 4244 184 22 internationaux.

1276 4283 31 38 La
1334 4286 168 44 protestation
1525 4286 121 38 italienne

1460 4340 90 29 Rome,
1571 4341 30 23 21
1626 4348 80 17 mars.

1216 4368 36 24 Le
1265 4372 207 27 gouvernement
1484 4370 93 25 italien
1590 4378 15 17 a
1618 4371 50 24 fait
1680 4370 49 32 pré-

1183 4400 90 22 senter
1291 4398 170 30 aujourd'hui
1479 4406 34 17 au
1531 4403 208 26 gouvernement

1184 4428 133 23 allemand
1344 4435 53 17 une
1422 4430 62 22 note
1510 4430 45 29 qui
1582 4430 97 24 débute
1705 4437 32 18 en

1183 4458 140 29 rappelant
1341 4458 66 23 dans
1424 4458 99 29 quelles
1538 4458 201 26 circonstances

1183 4486 24 25 le
1224 4486 84 24 Reich
1324 4494 15 16 a
1355 4480 97 31 rétabli
1468 4494 51 18 une
1536 4488 118 25 aviation
1670 4489 58 23 mili-

1185 4515 65 25 taire
1263 4518 25 22 et
1301 4523 29 17 sa
1343 4516 194 31 conscription.
1551 4517 35 24 La
1601 4520 61 23 note
1675 4525 64 18 con?

1185 4547 71 21 t.nuo
1277 4552 8 18 :

1213 4595 29 5 —
1255 4585 35 20 Le
1314 4585 199 22 Gouvernement
1537 4586 86 21 italien
1645 4594 16 15 a
1684 4588 52 24 pris

1183 4611 177 22 connaissance
1386 4612 43 20 des
1455 4614 71 20 notes
1549 4613 128 21 adressées
1704 4620 33 15 au

1187 4637 199 24 Gouvernement
1401 4639 125 21 allemand
1539 4638 17 21 à
1569 4644 28 16 ce
1611 4639 67 25 sujet
1690 4645 47 19 par

1186 4666 23 20 le
1224 4664 201 22 Gcuvernement
1437 4665 159 26 britannique
1610 4666 26 21 et
1651 4672 47 19 par
1712 4667 24 20 le

1187 4690 200 23 Gouvernement
1411 4692 119 24 français.

1209 4717 34 21 Le
1258 4720 196 21 gouvernement
1469 4719 86 21 italien
1571 4724 32 16 ne
1618 4720 59 24 peut
1693 4725 45 19 pas

1181 4746 32 15 ne
1221 4747 44 19 pas
1273 4743 94 20 relever
1382 4743 108 25 qu'aussi
1497 4744 58 22 bien
1571 4747 62 20 dans
1647 4746 37 20 les
1698 4751 30 15 ac-

1186 4769 73 21 cords
1272 4769 99 21 conclus
1385 4768 18 21 à
1415 4770 80 21 Rome
1508 4770 22 23 le
1543 4771 14 20 7
1568 4771 99 24 janvier
1680 4768 55 25 1935

1187 4795 70 21 entre
1281 4796 24 20 le
1329 4796 200 22 Gouvernement
1552 4797 86 21 italien
1662 4799 27 19 et
1712 4799 24 20 le

1186 4821 200 23 Gouvernement
1403 4823 87 20 italien
1508 4824 28 20 et
1553 4825 23 19 le
1595 4824 141 21 Gouverne-

1768 1017 73 19 pause
1868 1015 30 20 de
1925 1014 69 21 l'état
2026 1014 172 22 d'incertitude
2231 1015 86 26 qu'elle

1766 1040 92 20 suscite
1880 1041 61 21 dans
1962 1043 55 19 tous
2037 1042 35 20 les
2092 1046 68 20 pays.

1794 1067 33 22 Le
1843 1067 199 23 Gouvernement
2058 1068 86 20 italien
2156 1075 17 15 a
2187 1070 84 20 fourni
2287 1070 30 20 de

1762 1093 159 20 nombreuses
1953 1098 111 20 preuves,
2087 1094 80 24 même
2199 1096 118 21 récentes,

1767 1120 30 20 de
1811 1126 30 14 sa
1855 1119 99 21 volonté
1970 1121 30 20 de
2016 1121 178 21 collaboration
2209 1123 99 20 interna-

1762 1146 92 21 tionale
1869 1150 26 17 et
1908 1151 27 15 se
1950 1152 104 20 propose
2069 1147 31 21 de
2112 1149 130 21 continuer
2256 1149 62 20 dans

1767 1178 41 16 ces
1833 1173 130 20 directives
1986 1174 42 23 qui
2053 1176 193 23 correspondent
2267 1180 50 16 aux

1766 1199 98 21 besoins
1879 1199 43 20 des
1936 1200 101 24 peuples
2050 1201 25 19 et
2088 1205 50 17 aux
2149 1203 123 23 postulats
2287 1202 29 20 de

1766 1227 26 20 la
1814 1226 39 21 vie
1876 1231 131 16 commune
2030 1226 160 26 européenne,
2213 1229 63 20 mais
2299 1229 17 19 il

1767 1252 127 22 censidère
1920 1254 29 19 de
1972 1259 47 15 son
2043 1254 84 20 devoir
2151 1255 30 20 de
2205 1255 111 21 déclarer

1767 1280 72 24 qu'en
1862 1280 43 20 des
1930 1279 170 26 négociations
2123 1281 99 23 futures
2232 1299 9 7 ,
2244 1282 63 20 éven-

1766 1307 94 23 tuelles,
1877 1307 18 20 il
1909 1313 32 15 ne
1958 1312 91 19 pourra
2065 1313 45 19 pas
2127 1309 115 25 accepter
2258 1310 48 20 sim-

1766 1335 110 25 plement
1894 1339 96 18 comme
2011 1339 48 15 une
2078 1334 120 22 situation
2219 1336 29 20 de
2268 1336 49 20 fait

1766 1361 100 24 acquise
1883 1362 60 19 celle
1963 1360 149 21 déterminée
2129 1367 47 19 par
2193 1363 42 21 des
2253 1362 52 20 déci-

1765 1389 68 21 sions
1849 1387 160 21 unilatérales
2024 1388 42 24 qui
2083 1389 120 20 annulent
2218 1390 42 20 des
2275 1394 31 15 en-

1766 1415 145 25 gagements
1935 1415 29 20 de
1984 1413 127 22 caractère
2132 1415 183 21 international.

1786 1452 46 38 Les
1853 1454 147 44 arguments
2020 1452 115 46 français
2156 1461 141 39 repousses

2041 1513 100 29 Berlin,
2156 1515 30 23 21
2204 1522 80 17 mars.

1800 1542 35 24 Le
1877 1544 147 24 Deulsches
2064 1543 252 26 Xachrichtenburo

1766 1573 189 30 communique
1969 1580 6 17 :

1793 1618 29 5 —
1836 1609 32 20 M.
1881 1610 213 26 André-François
2107 1611 100 25 Poncet,
2220 1612 87 23 ambas-

1766 1635 92 21 sadeur
1880 1637 29 22 de
1931 1638 103 23 France,
2055 1644 16 14 a
2094 1638 76 21 rendu
2192 1640 72 20 visite
2287 1644 28 15 ce

1766 1662 79 20 matin
1863 1668 32 15 au
1910 1663 77 21 barcn
2004 1669 47 15 von
2067 1665 120 24 Neurath,
2202 1666 113 20 ministre

1766 1689 42 21 des
1825 1689 111 22 Affaires
1954 1690 142 26 étrangères
2111 1691 33 20 du
2160 1692 85 25 Reich,
2260 1692 55 21 afin

1767 1716 28 19 de
1812 1716 34 22 lui
1861 1718 119 19 remettre
1995 1723 48 16 une
2059 1720 57 18 note
2133 1718 61 22 dans
2210 1719 104 21 laouelle

1765 1742 17 20 il
1801 1745 38 19 est
1857 1743 109 24 protesté
1982 1746 86 19 contre
2086 1745 24 20 la
2127 1745 32 21 loi
2178 1739 102 29 relative
2298 1746 17 20 à

1767 1769 24 20 la
1816 1768 197 26 réorganisation
2040 1773 29 19 de
2094 1771 99 21 l'armée
2226 1773 31 20 du
2288 1773 28 20 16

1766 1800 66 16 mars
1852 1797 61 21 1935.

1793 1823 34 20 Le
1846 1823 113 21 ministre
1979 1825 43 20 des
2041 1824 110 21 Affaires
2171 1825 143 26 étrangères

1766 1849 33 21 du
1818 1850 79 21 Reich
1915 1856 15 15 a
1950 1850 100 26 accepté
2069 1852 23 19 ia
2112 1853 58 19 note
2190 1855 25 18 et
2232 1859 15 14 a
2266 1853 48 20 fait

1765 1876 116 21 observer
1894 1876 16 21 à
1924 1877 194 22 l'ambassadeur
2131 1883 47 19 que
2193 1879 35 22 les
2242 1884 62 20 argu-

1767 1906 82 18 ments
1877 1904 93 21 donnés
1997 1910 46 19 par
2069 1906 21 19 le
2117 1905 199 21 Gouvernement

1766 1930 111 24 français
1896 1937 63 18 pour
1978 1932 105 20 motiver
2102 1937 29 15 sa
2148 1933 167 23 ^rctestation

1767 1962 30 15 ne
1819 1957 113 23 tiennent
1955 1964 44 19 pas
2021 1960 97 23 compte
2142 1959 29 20 de
2192 1960 25 20 la
2238 1960 69 20 situa-

1763 1985 52 19 tion
1829 1984 119 22 véritable
1964 1988 24 18 et
2004 1991 54 19 que,
2073 1991 46 20 par
2132 1987 65 20 suite
2212 1991 33 16 eu
2260 1986 55 21 côté

1763 2010 132 24 allemand,
1916 2013 30 19 ils
1970 2012 114 20 devaient
2105 2011 52 21 être
2179 2012 136 26 repoussés.

1765 2046 29 5 —
1815 2036 169 26 (Abgelehnt).

1786 2103 49 55 Un
1859 2103 103 54 débat
1987 2115 63 42 sur
2072 2103 33 53 la
2128 2104 166 66 politique

1822 2183 160 55 étrangère
2000 2195 60 35 aux
2083 2184 175 47 Communes

2011 2270 128 27 Londres,
2156 2270 29 23 21
2205 2277 80 17 mars.

1796 2308 35 23 Le
1857 2307 78 24 débat
1968 2314 46 17 sur
2037 2308 25 23 la
2087 2307 131 31 politique
2249 2309 58 22 exté-

1763 2337 88 24 rieure
1890 2337 181 30 britannique,
2110 2338 46 29 qui
2194 2337 124 31 apparaît

1763 2373 103 18 comme
1895 2373 51 17 une
1968 2367 72 30 prise
2063 2368 31 23 dc
2124 2367 118 29 position
2272 2367 46 24 des

1767 2396 141 23 différents
1926 2397 93 29 partis,
2038 2397 15 23 t
2069 2398 26 22 la
2112 2397 79 24 veille
2209 2402 47 19 t'es
2274 2404 32 17 en-

1764 2426 109 24 tretiens
1897 2426 33 24 de
1954 2426 99 28 Berlin,
2078 2427 61 23 s'est
2161 2429 93 22 ouvert
2275 2428 44 22 cet

1763 2455 156 31 après-~midi
1942 2456 14 24 à
1977 2456 25 24 la
2023 2457 132 23 Chambre
2177 2457 46 24 des
2244 2457 63 24 Com-

1763 2492 93 18 munes
1872 2493 49 22 par
1936 2493 35 16 un
1989 2486 122 24 discours
2128 2486 35 24 du
2180 2487 90 23 leader
2287 2486 31 23 de

1764 2515 180 30 l'opposition,
1962 2515 32 25 M.
2011 2516 147 30 Lansbury.

1796 2545 111 23 Celui-ci
1923 2552 14 16 a
1955 2545 106 24 déclaré
2078 2553 50 23 que
2143 2547 39 23 les
2197 2546 121 24 derniers

1763 2574 169 26 événements
1953 2579 45 21 ont
2019 2576 40 23 été
2079 2576 48 23 tels
2148 2584 50 22 que
2217 2576 91 30 l'oppo-

1763 2605 80 23 sition
1874 2612 28 17 se
1931 2605 57 24 doit
2017 2606 141 29 d'exposer
2186 2605 133 24 certaines

1763 2635 215 24 considérations
1996 2635 124 24 relatives
2137 2635 15 24 à
2170 2637 25 23 la
2212 2636 64 30 paix
2294 2637 25 21 et

1762 2671 35 18 au
1819 2664 203 25 désarmement.

1793 2719 30 6 —
1839 2709 33 21 Ce
1889 2709 42 25 qui
1950 2709 59 21 s'est
2027 2709 71 25 passé
2117 2710 94 20 samedi
2231 2715 31 16 en
2279 2710 30 20 Al-

1767 2736 119 25 lemagne,
1907 2736 84 24 ajoute
2010 2737 23 20 le
2054 2736 89 24 leader,
2162 2742 17 14 a
2198 2736 39 21 été
2257 2742 62 19 pour

1766 2762 161 25 l'Angleterre
1944 2768 96 15 comme
2058 2767 34 15 un
2108 2763 61 20 choc
2185 2763 89 24 auquel
2291 2768 27 16 se

1766 2789 86 20 mêlait
1866 2794 33 16 un
1914 2790 135 21 sentiment
2062 2789 29 21 de
2106 2788 125 26 désespoir
2246 2790 73 24 qu'on

1767 2821 30 15 ne
1814 2816 112 24 pourrait
1942 2820 129 20 comparer
2087 2815 56 26 qu'à
2158 2816 63 20 celui
2238 2815 82 21 d'août

1766 2843 61 20 1914.

1794 2869 40 20 Sir
1851 2869 66 21 John
1938 2869 84 20 Simon
2043 2869 51 21 doit
2114 2869 61 21 aller
2193 2868 16 22 à
2227 2870 91 21 Berlin,

1767 2896 112 24 poursuit
1898 2896 33 20 M.
1950 2896 136 24 Lansbury.
2112 2900 60 16 avec
2199 2901 34 16 un
2260 2901 50 15 nou-

1763 2926 64 15 veau
1840 2921 113 23 mandat;
1971 2922 16 19 il
2001 2927 31 14 ne
2047 2922 51 19 doit
2111 2927 45 19 pas
2170 2927 16 19 y
2201 2922 52 20 dire
2268 2927 48 19 que

1766 2949 25 20 la
1807 2948 234 25 Grande-Bretagne
2058 2950 100 22 accepte
2174 2949 22 20 le
2213 2948 96 21 réarme-

1767 2976 69 20 ment
1857 2975 32 20 du
1909 2975 78 20 Reich
2008 2980 44 15 sur
2070 2975 25 20 la
2114 2975 59 21 base
2193 2974 125 26 proposée.

1766 3001 63 24 Qu'il
1851 3002 68 20 fasse
1941 3001 160 24 comprendre
2124 3006 46 20 que
2193 3002 25 19 la
2240 3002 67 24 politi-

1767 3033 47 19 que
1838 3028 165 24 britannique,
2027 3028 61 21 c'est
2112 3028 26 20 la
2161 3028 58 25 paix
2245 3027 73 22 basée

1764 3059 43 14 sur
1830 3054 22 19 le
1877 3053 183 21 désarmement
2081 3055 26 20 et
2128 3058 50 16 non
2214 3058 45 16 sur
2293 3054 23 19 le

1767 3079 173 22 réarmement.
1966 3098 6 6 ,
1992 3098 11 7 „

1797 3113 107 24 Parlant
1921 3120 32 17 au
1971 3119 61 18 nom
2050 3112 32 24 de
2098 3111 174 31 l'opposition
2289 3110 19 27 li-

1764 3142 98 28 bérale,
1881 3142 43 24 Sir
1942 3142 114 24 Herbert
2074 3143 105 24 Samuel
2200 3142 62 24 s'est
2280 3148 29 18 as-

1763 3172 73 25 socié
1855 3174 14 23 à
1889 3172 32 24 M.
1939 3172 140 29 Lansbury
2095 3179 70 23 pour
2182 3172 137 29 exprimer

1763 3202 137 24 l'émotion
1929 3202 96 24 causée
2056 3208 49 24 par
2126 3202 24 23 le
2181 3201 54 25 défi
2258 3201 50 24 alle-

1764 3232 89 24 mand.

1792 3280 29 5 —
1834 3269 22 20 Il
1878 3269 38 21 est
1937 3269 97 20 naturel
2062 3269 89 25 qu'une
2179 3269 58 21 telle
2260 3274 49 15 nou-

1766 3296 68 25 velle,
1849 3296 63 20 a-t-il
1929 3295 104 24 déclaré,
2049 3296 91 20 suscite
2156 3300 34 16 un
2207 3295 66 21 désir
2288 3296 30 20 de

1766 3323 171 24 protestation.
1966 3322 64 21 Mais
2059 3322 17 20 il
2112 3323 38 19 est
2179 3321 139 22 nécessaire

1767 3349 149 21 d'examiner
1940 3349 21 21 si
1986 3353 35 17 un
2046 3347 104 22 résultat
2174 3349 61 20 utile
2259 3349 60 24 peut

1766 3375 53 21 être
1843 3376 92 19 atteint
1960 3380 45 20 par
2029 3376 65 20 cette
2119 3375 61 21 voie.
2203 3375 34 21 Le
2262 3375 56 25 plus

1766 3402 80 25 grand
1867 3402 94 20 service
1983 3406 47 20 que
2052 3401 161 25 l'Angleterre
2235 3401 83 25 pui.se

1766 3429 88 21 rendre
1875 3428 17 20 à
1912 3429 24 19 la
1957 3428 96 21 France
2074 3429 39 20 est
2133 3428 121 20 d'obtenir
2275 3428 43 21 des

1767 3455 117 22 résultats
1907 3455 99 24 pos'tifs
2028 3455 84 20 visant
2140 3459 33 15 au
2204 3455 45 19 but
2271 3459 47 20 que

1767 3487 62 15 nous
1848 3486 78 16 avons
1945 3482 30 20 de
1995 3486 115 15 commun
2130 3486 60 15 avec
2211 3481 52 20 elle.
2283 3481 37 19 La

1765 3509 96 20 France
1878 3514 21 17 a,
1916 3513 33 15 au
1965 3513 72 16 cours
2054 3508 43 21 des
2113 3508 63 21 seize
2193 3507 125 21 dernières

1765 3535 99 22 années,
1880 3542 12 12 «
1908 3534 60 26 sapé
1983 3541 12 13 »
2011 3535 99 20 l'action
2127 3535 41 24 qui
2185 3535 83 20 aurait
2285 3539 33 20 pu

1766 3561 52 22 être
1842 3562 136 24 entreprise
2002 3566 45 16 sur
2068 3561 65 21 cette
2157 3561 66 20 base.
2247 3561 64 20 Mais

1766 3589 58 20 d'un
1853 3589 72 20 autre
1954 3587 62 25 côté,
2039 3588 160 24 l'Allemagne
2229 3592 32 15 ne
2291 3593 27 15 se

1766 3616 96 23 trompe
1884 3620 45 20 pas
1951 3620 43 15 su.*
2016 3614 122 21 l'attitude
2161 3614 30 21 de
2214 3614 94 25 l'Angle-

1767 3643 65 20 terre
1849 3647 6 15 :
1871 3641 89 25 égalité
1975 3641 42 21 des
2031 3641 77 20 droits
2122 3645 62 20 pour
2196 3641 23 20 le
2232 3640 87 22 Reich.

1765 3669 51 23 oui;
1837 3668 191 25 prédominance
2045 3667 117 20 militaire
2181 3667 33 20 du
2232 3667 86 23 Reich,

1766 3700 56 16 noa.

1792 3732 29 4 —
1834 3721 36 20 La
1890 3721 71 21 v'site
1981 3720 30 21 de
2029 3720 86 21 Berlin
2134 3725 27 15 se
2181 3720 54 20 fera
2255 3720 62 20 dans

1765 3752 34 16 un
1817 3748 77 24 esprit
1911 3748 29 20 de
1958 3747 121 25 complète
2095 3747 134 22 franchise,
2245 3751 17 15 a
2278 3745 30 22 dé-

1766 3773 65 21 claré
1855 3774 36 20 sir
1914 3774 68 20 John
2005 3774 92 20 Simon,
2123 3778 31 15 en
2179 3772 139 25 répondant

1765 3805 50 16 aux
1829 3801 114 20 orateurs
1958 3800 29 21 de
2003 3800 162 25 l'opposition.

1791 3834 38 20 La
1843 3833 63 21 série
1921 3833 43 21 des
1980 3833 85 21 visites
2079 3832 17 21 à
2109 3832 92 23 Berlin,
2215 3832 103 20 Moscou

1765 3861 26 19 et
1806 3860 120 20 Varsovie
1944 3865 58 15 aurr.
2024 3860 24 20 le
2066 3858 127 21 caractère
2213 3859 29 20 de
2261 3859 45 20 visi-

1765 3888 38 20 tes
1821 3886 193 21 d'information.
2029 3886 22 20 Il
2067 3887 39 19 est
2122 3884 139 22 nécessaire
2277 3890 31 15 ac-

1765 3913 144 21 tuellement
1933 3913 29 21 de
1986 3919 26 16 se
2036 3912 88 20 rendre
2155 3912 98 24 compte
2284 3911 33 20 du

1765 3941 69 23 point
1852 3940 29 20 de
1899 3944 47 15 vue
1964 3939 106 20 d'autrui
2087 3937 81 26 plutôt
2185 3943 47 19 que
2249 3938 58 20 d'im-

1765 3972 73 19 poser
1854 3972 50 15 aux
1920 3967 85 19 autres
2022 3966 25 20 la
2062 3965 74 24 façoa
2154 3965 29 20 Ce
2199 3965 54 19 voir
2269 3969 48 20 que

1764 3994 47 19 l'on
1825 3998 17 15 a
1855 3992 133 22 so'-même.
2004 3992 113 21 Gardons
2132 3992 71 20 notre
2219 3990 97 22 réserve

1764 4025 33 15 au
1814 4024 73 16 cours
1905 4019 33 20 du
1956 4018 74 21 débat
2047 4017 186 25 d'aujourd'hui.
2252 4017 64 20 Mais

1764 4047 23 19 le
1806 4046 58 24 jour
1883 4046 104 20 viendra
2006 4044 32 21 où
2057 4045 24 20 le
2099 4043 107 21 résultat
2225 4044 30 20 de
2276 4049 40 15 ces

1764 4073 93 23 visites,
1874 4073 56 24 quel
1948 4072 57 25 qu'il
2024 4071 55 22 soit,
2098 4071 76 20 devra
2191 4070 52 21 être
2262 4075 45 16 exa-

1763 4098 67 21 miné
1848 4104 59 16 sans
1924 4099 55 24 plus
1997 4098 30 21 de
2045 4097 104 21 réserve.
2165 4097 70 20 Nous
2252 4101 63 15 nous

1764 4130 107 16 sommes
1889 4124 114 21 adressés
2020 4128 33 16 au
2070 4124 195 24 gouvernement
2282 4123 24 19 al-

1764 4152 99 21 lemand
1886 4156 63 20 pour
1973 4151 57 24 qu'il
2054 4150 50 21 soit
2126 4149 57 21 bien
2208 4149 107 20 entendu

1764 4184 47 19 que
1824 4179 26 19 la
1863 4178 72 21 visite
1950 4178 83 20 aurait
2047 4181 62 20 pour
2122 4176 136 24 quadruple
2272 4175 45 20 but

1763 4210 34 15 un
1812 4204 110 25 échange
1937 4204 14 20 d
1958 4209 8 14 1
1982 4208 60 16 vues
2055 4207 45 16 sur
2112 4203 26 19 la
2152 4201 113 25 sécurité,
2280 4202 36 20 les

1763 4232 159 20 armements,
1946 4231 23 20 le
1995 4245 4 3 *
2031 4234 47 16 our
2102 4229 26 22 d:
2156 4229 159 20 l'Allemagne

1763 4257 16 21 à
1793 4258 25 20 la
1831 4257 23 21 S.
1867 4258 30 21 D.
1910 4257 30 20 N.
1954 4257 24 21 et
1991 4257 23 21 le
2028 4257 71 24 pact.
2114 4254 84 22 aérien
2213 4253 102 26 projeté.

1762 4283 66 20 C'est
1850 4283 125 20 seuJemen
1981 4297 8 4 .
2012 4280 73 26 après
2108 4281 70 19 avoir
2214 4279 100 23 assigné

1763 4314 42 16 ces
1825 4310 88 24 quatre
1935 4309 83 24 points
2039 4309 25 19 et
2084 4312 74 20 apr_s
2180 4312 61 15 nous
2263 4306 52 21 être

1763 4336 48 20 m's
1825 4341 31 16 en
1870 4337 101 23 rapper"*
1987 4340 60 16 avec
2063 4334 35 20 les
2114 4334 85 21 autres
2213 4338 93 20 gouver-

1763 4363 114 20 nements
1890 4366 48 17 au;»
1951 4365 64 16 nous
2028 4365 78 16 avons
2122 4360 121 24 'ï-.treprïs
2258 4360 47 19 d'al-

1762 4389 37 20 ler
1813 4388 16 21 à
1845 4388 88 21 Berlin,

2361 552 49 52 De
2434 550 230 54 nombreuses
2691 561 195 54 personnes

2514 629 209 69 asphyxiées

2343 710 87 53 dans
2457 724 67 40 une
2546 711 150 66 tempête
2714 711 42 53 de
2774 710 124 54 sable?

2406 809 76 33 Dans
2502 810 41 33 les
2564 811 77 33 Etats
2661 812 37 32 du
2720 811 117 38 Kansas,

2365 853 33 33 de
2423 853 176 34 TOklahoma
2623 862 27 26 et
2675 857 37 32 do
2735 856 143 33 Nebraska

2553 905 157 31 New-York,
2731 907 30 24 21
2786 914 79 18 mars.

2375 935 49 24 Les
2441 934 73 24 Etats
2533 935 35 24 du
2586 936 110 29 Kansas,
2716 937 32 24 de
2765 937 133 24 l'Oklaho-

2341 971 43 18 ma
2401 967 25 22 et
2444 965 34 23 du
2494 964 136 24 Nebraska
2648 968 46 21 ont
2711 966 41 24 été
2767 967 130 30 éprouvée

2343 1000 49 23 par
2414 1001 50 16 une
2487 994 113 30 tempête
2623 995 33 24 de
2677 996 73 24 sable
2770 997 117 23 extrême-

2343 1027 71 22 ment
2430 1023 124 25 violente.
2571 1024 39 23 On
2627 1025 87 23 craint
2730 1026 80 29 qu'un
2825 1033 61 17 nom-

2343 1054 47 24 bre
2438 1053 187 25 considérable
2672 1055 32 23 de
2752 1062 145 24 personnes

2343 1083 98 24 n'aient
2460 1083 40 25 été
2517 1083 169 30 asphyxiées.

2376 1113 39 23 On
2440 1120 15 17 a
2480 1113 127 24 conseillé
2631 1120 51 17 aux
2699 1131 2 3 .
2705 1113 136 26 habitants
2865 1114 32 24 dc

2342 1145 84 21 rester
2440 1143 66 24 dans
2521 1144 71 23 leurs
2607 1143 138 24 demeures
2760 1146 24 22 et
2799 1144 32 24 de
2846 1144 40 24 cal-

2342 1172 101 23 feutrer
2465 1174 90 29 portes
2578 1175 25 22 et
2626 1173 116 24 fenêtres
2765 1174 32 23 dc
2820 1174 78 24 toiles

2341 1201 132 25 humides.

2374 1231 49 24 Les
2447 1231 90 30 dégâts
2562 1234 61 21 sont
2646 1231 131 25 énormes.
2800 1232 97 24 Toutes

2341 1261 38 23 les
2396 1261 132 24 semailles
2546 1264 45 21 ont
2609 1261 40 24 été
2666 1260 136 27 détruites.

2582 1290 78 22 »*♦

2523 1324 47 31 EN
2583 1324 142 32 FRANCE

2340 1393 59 33 Une
2418 1394 135 33 demande
2575 1395 34 32 de
2630 1408 143 19 nouveaux
2794 1396 103 32 crédits

2431 1439 34 32 de
2490 1441 72 30 seize
2588 1445 76 27 cents
2691 1441 120 32 millions

2503 1495 71 28 pour
2593 1484 141 32 l'aviation

2649 1529 79 25 Paris,
2748 1530 27 20 21
2794 1535 75 17 mars.

2371 1554 36 21 La
2430 1555 158 21 commission
2612 1555 29 21 de
2664 1555 193 26 l'aéronautique
2881 1562 17 15 a

2343 1581 109 20 entendu
2466 1582 22 20 le
2503 1581 101 25 général
2619 1582 104 23 Denain,
2737 1583 114 21 ministre
2867 1585 29 20 de

2343 1607 66 20 l'Air.
2422 1607 53 20 Elle
2489 1613 16 15 a
2519 1607 86 25 appelé
2619 1613 45 15 son
2678 1609 122 20 attention
2815 1615 43 15 sur
2872 1610 24 20 la

2344 1630 120 24 nécessité
2481 1634 145 21 d'accélérer
2642 1635 24 20 la
2682 1635 105 20 cadence
2803 1637 42 19 des
2861 1637 26 19 fa-

2342 1659 136 22 brications
2503 1661 30 20 de
2558 1660 112 21 matériel
2695 1661 200 25 d'aéronautique

2343 1686 176 25 spécialement
2535 1693 30 15 en
2579 1693 27 15 ce
2619 1688 42 24 qui
2675 1693 120 16 concerne
2810 1689 22 20 le
2846 1694 41 15 ma-

2343 1712 70 22 tériel
2435 1714 30 20 de
2486 1714 24 19 la
2532 1713 100 22 défense
2653 1714 92 21 lourde.

2369 1740 35 20 Le
2419 1740 114 21 ministre
2549 1746 16 15 a
2581 1740 112 21 annoncé
2709 1740 17 21 à
2742 1742 26 19 la
2784 1741 103 21 commis-

2343 1767 54 20 sion
2414 1767 23 19 le
2454 1766 75 25 dépôt
2547 1767 127 20 immédiat
2692 1768 57 19 d'un
2767 1768 81 24 projet
2867 1768 29 19 de

2343 1793 31 20 loi
2390 1794 102 23 portant
2507 1794 131 20 ouverture
2656 1794 30 20 de
2702 1799 129 15 nouveaux
2845 1794 42 21 cré-

2343 1819 50 21 dits
2408 1824 96 16 comme
2522 1820 17 20 il
2555 1820 68 20 avait
2640 1819 38 21 été
2696 1819 78 26 prévu
2792 1826 31 15 en
2840 1826 46 15 con-

2343 1845 100 22 formité
2465 1847 33 20 du
2519 1851 157 20 programme
2698 1845 199 26 précédemment

2343 1872 75 20 établi
2439 1873 29 20 de
2489 1872 143 21 rénovation
2652 1873 32 20 du
2704 1872 119 21 matériel.

2369 1899 21 20 Il
2406 1904 16 14 a
2438 1899 139 25 égslement
2593 1899 94 25 précisé
2704 1905 40 16 ses
2761 1900 135 20 intentions

2344 1930 30 15 en
2392 1930 28 15 ce
2441 1926 40 24 qui
2502 1930 120 16 concerne
2643 1926 24 20 la
2686 1926 65 25 ligne
2771 1926 126 25 française

2339 1956 56 15 vers
2414 1949 148 27 l'Amérique
2581 1952 31 20 du
2633 1951 50 20 Sud
2701 1952 26 19 et
2746 1950 88 24 l'étude
2852 1952 44 19 des

2343 1979 180 24 avant-projets
2539 1979 29 20 de
2583 1979 88 19 liaison
2686 1978 115 21 aérienne
2816 1978 16 21 à
2847 1980 39 19 tra-

2342 2010 56 16 vers
2416 2005 159 24 l'Atlantique
2592 2005 75 20 Nord.

2369 2031 21 20 Il
2410 2032 58 20 s'est
2486 2031 112 25 expliqué
2617 2037 43 15 sur
2676 2032 23 20 le
2717 2032 81 24 projet
2815 2032 30 20 de
2863 2032 32 20 loi

2344 2058 29 20 de
2398 2058 100 20 liaisons
2524 2059 108 24 postales
2658 2057 137 26 régionales
2819 2059 27 20 et
2871 2058 25 20 la

2344 2085 168 20 construction
2533 2085 29 20 de
2582 2085 121 20 l'arsenal.

2369 2111 34 20 Le
2419 2112 114 19 montant
2548 2111 43 20 des
2605 2110 92 21 crédits
2712 2111 42 24 qui
2769 2112 60 19 vont
2843 2110 53 21 être

2343 2136 134 22 demandés
2501 2142 45 20 par
2570 2138 22 20 le
2616 2139 193 23 gouvernement
2827 2142 69 20 -pour

2343 2164 25 19 la
2383 2164 61 20 mise
2460 2168 33 16 au
2508 2165 70 23 point
2594 2164 32 20 du
2641 2163 113 21 matériel
2769 2164 30 20 de
2814 2164 83 20 l'avia-

2408 2263 28 53 A
2462 2275 128 54 propos
2612 2263 44 53 du
2680 2262 145 54 terrible

2449 2344 135 45 accident
2605 2344 37 46 de
2659 2344 124 45 Malines
2799 2386 5 5 .

2393 2465 5 3 .
2411 2440 10 28 :
2463 2437 32 33 Un
2507 2437 103 39 appareil
2626 2438 144 31 avertisseur

2358 2489 48 20 (De
2424 2490 71 18 notre
2513 2487 195 25 correspondant
2725 2488 154 24 particulier)

2655 2514 78 22 Gand,
2750 2514 27 19 lîl
2794 2519 75 15 mars.

2371 2541 32 20 M.
2422 2541 81 25 Roels,
2523 2541 123 20 directeur
2664 2541 30 20 de
2713 2540 82 22 l'école
2814 2541 72 21 indus-

2344 2568 79 20 trielle
2437 2567 142 25 supérieure
2594 2568 29 20 de
2637 2564 78 27 Gand,
2729 2568 42 24 qui
2784 2568 112 24 s'occupe

2342 2593 127 25 beaucoup
2487 2593 30 20 de
2538 2593 27 21 T.
2581 2593 24 21 S.
2623 2593 27 21 F.
2667 2594 26 19 et
2709 2593 31 20 de
2759 2592 134 24 ^levision,

2342 2619 68 21 vient
2428 2619 30 21 de
2477 2620 91 19 mettre
2587 2625 33 14 au
2641 2620 70 24 point
2731 2624 34 15 un
2783 2619 111 25 appareil

2343 2647 152 20 avertisseur
2511 2645 58 21 basé
2587 2651 43 16 sur
2646 2647 35 19 les
2698 2645 137 26 propriétés
2853 2647 42 20 des

2344 2678 90 19 rayons
2448 2679 12 13 «
2474 2673 157 25 infrarouges
2646 2679 12 13 »
2672 2673 116 24 capables
2802 2673 30 21 de
2847 2675 40 20 tra-

2344 2705 84 15 verser
2444 2700 35 21 les
2495 2700 148 20 brouillards
2659 2700 36 20 les
2710 2700 41 24 pli*
2772 2704 122 20 -opaques,

2371 2726 145 24 L'appareil,
2536 2727 96 23 permet
2659 2726 29 20 de
2715 2726 110 25 signaler
2849 2731 47 20 par

2344 2753 56 20 tous
2415 2754 37 19 les
2468 2753 80 20 tenons
2565 2757 33 15 rn
2615 2752 109 20 obstacle
2740 2757 44 17 sur
2800 2753 25 19 la
2842 2753 54 20 voie

2344 2778 13 21 à
2377 2784 48 15 une
2443 2779 111 21 distance
2573 2779 30 20 de
2620 2779 55 25 plus
2692 2779 30 21 de
2739 2779 41 20 500
2797 2779 99 21 mètres.

2343 2806 34 20 Le
2398 2806 81 24 signal
2500 2807 38 19 est
2557 2804 17 21 à
2593 2806 24 19 la
2638 2805 48 21 fois
2706 2805 144 25 acoustique
2870 2808 26 18 ct

2344 2832 133 20 lumineux.

2370 2859 51 20 Des
2436 2857 156 26 expériences
2608 2858 81 24 faites,
2702 2858 121 21 mercredi
2839 2858 56 23 soir,

2342 2884 17 21 à
2373 2884 81 21 l'école
2469 2885 158 23 industrielle,
2641 2886 43 19 ont
2696 2889 63 20 paru
2773 2885 52 20 être
2841 2890 44 15 con-

2343 2912 113 20 cluantes
2478 2918 17 12 :«
2518 2912 160 20 l'assistance.
2702 2912 65 20 Leur
2781 2911 113 21 «résultat

2344 2943 57 15 sera
2412 2937 173 25 communiqué
2598 2937 16 21 à
2627 2938 217 20 l'admin'stration
2857 2943 30 16 su-

2344 2963 111 26 périeure
2479 2964 43 20 des
2545 2965 29 19 cl.
2619 2966 5 5 '
2633 2971 23 14 is
2680 2965 29 20 de
2732 2965 45 20 fer.

2406 2991 73 32 Pour
2503 2993 120 31 secourir
2646 2991 42 33 les
2710 2990 122 34 familles

2524 3036 49 32 des
2591 3038 124 31 victimes

2618 3081 112 24 Malines,
2747 3081 28 19 21
2793 3086 75 15 mars.

2371 3106 229 21 L'administrat'on
2621 3109 155 19 communale
2795 3108 30 20 de
2846 3108 42 19 Ma-

2345 3133 62 21 lines
2426 3134 68 20 vient
2512 3134 107 21 d'ouvrir
2637 3139 48 16 une
2704 3134 56 21 liste
2780 3134 30 21 de
2829 3139 58 16 sous-

2344 3160 106 24 cription
2462 3165 33 15 au
2507 3159 112 22 bénéfice
2632 3160 43 21 des
2689 3161 108 20 familles
2811 3160 76 25 éprou-

2344 3186 56 20 vées
2414 3191 45 19 par
2474 3187 23 19 la
2512 3187 99 20 terrible
2624 3187 202 25 cat3strophe.de
2841 3188 45 19 che-

2340 3211 51 21 min
2407 3212 29 20 de
2451 3213 40 19 fer
2503 3212 30 22 de
2547 3212 111 21 Weerde.
2673 3213 46 19 Les
2735 3213 61 20 dons
2811 3213 85 20 seront

2340 3242 72 19 reçus
2432 3243 46 19 par
2496 3238 22 20 le
2538 3243 117 15 receveur
2672 3238 147 21 communal.
2840 3239 45 20 Plu-

2339 3264 80 20 sieurs
2435 3264 86 22 firmes
2538 3266 29 19 de
2583 3264 25 20 la
2622 3264 56 20 ville
2694 3266 43 20 ont
2751 3264 58 25 déjà
2823 3264 72 21 versé

2340 3291 53 21 leur
2416 3290 70 21 obole
2509 3296 33 15 au
2565 3291 78 24 profit
2667 3292 30 20 de
2721 3292 65 20 cette
2811 3296 83 16 œuvre

2340 3316 143 21 charitable.

3000 323 78 30 LES
3097 323 107 31 PLUS
3223 321 160 32 BELLES
3402 320 249 33 CROISIERES
3669 322 325 32 AUTOMOBILES!

3022 360 58 18 Cars
3098 360 29 19 de
3145 361 62 21 luxe,
3226 359 77 20 hôtels
3322 358 141 23 supérieurs,
3486 357 99 23 entrées,
3598 359 116 22 boissons,
3727 359 136 23 pourboires
3876 360 101 22 compris

2983 382 77 19 COTE
3080 383 120 23 D'AZUR,
3220 383 25 18 14
3263 382 27 23 i.,
3311 382 25 19 24
3355 385 72 18 mars.
3449 380 25 19 14

3033 405 61 19 avril
3142 412 206 13 .......
3374 403 58 23 1,975
3444 404 32 18 fr.

2984 427 195 20 ITALIE-COTE
3204 429 120 21 D'AZUR,
3351 427 24 19 18
3398 427 26 23 j„
3451 426 24 19 13

3032 451 59 18 avril
3139 463 205 7 .......
3370 449 58 22 2,990
3441 449 33 18 lr.

2986 472 147 23 ESPAGNE,
3152 474 25 18 22
3196 474 25 23 j.,
3243 474 24 18 14
3285 474 61 19 avril
3371 473 58 21 3,980
3442 472 32 19 fr.

2985 497 102 17 ITALIE
3107 497 145 23 ENTIERE,
3270 496 25 19 22
3313 497 24 21 i.,
3356 496 13 19 5
3386 495 49 19 mal

3368 518 58 22 4,290
3439 518 54 23 fr.«

3509 381 290 23 BOSME-DALMATIE,
3815 382 27 19 20
3855 382 26 24 j.,
3896 382 14 19 6
3925 383 49 19 mai

3894 405 58 22 3,823
3964 405 32 20 fr.

3508 436 223 22 MAROC-GRAND
3767 438 107 23 ATLAS,
3911 439 25 19 19
3972 439 25 24 L,

3554 459 25 20 27
3595 464 65 16 mars
3893 461 60 23 4,100
3965 461 31 20 fr.

3509 494 385 20 Al.tiEI.IE-.W'ZAU-KABYLIE
3943 498 55 17 'Une

3555 517 137 23 merveille),
3707 518 25 20 17
3744 518 26 24 J.,
3784 519 24 19 13
3821 519 60 18 avril
3895 519 57 21 .1,490
3966 519 31 19 fr.

3001 549 311 48 VOYAGES
3342 547 254 50 JOSEPH
3626 548 342 48 DUMOULIN

3176 607 32 20 77.
3229 608 36 19 Bd
3286 608 104 22 Adolphe
3410 608 65 21 Max,
3496 606 121 18 Bruxelles
3649 605 58 21 (Tél.
3727 607 109 20 17.17.85).

3187 630 92 21 Garage
3296 631 42 18 des
3354 631 111 18 antocar,
3485 633 7 15 ;
3513 628 34 21 4g,
3566 628 114 19 chaussée
3698 630 122 19 d'Anvers.

2945 694 62 52 Les
3032 692 168 53 Concerts
3227 692 19 53 à
3269 694 182 53 Bruxelles

2423 3370 42 34 LE
2487 3371 135 34 GREVES
2646 3372 46 32 DE
2715 3372 95 33 GAND

2359 3439 48 21 (De
2424 3441 71 19 notre
2512 3440 194 24 correspondant
2725 3441 154 24 particulier)

2652 3472 79 25 Gand,
2747 3473 27 20 21
2792 3478 74 15 mars.

2367 3497 70 22 Cette
2459 3498 55 22 fois,
2539 3504 28 15 ce
2591 3500 56 19 sont
2672 3499 35 20 ies
2730 3499 111 20 ouvriers
2864 3499 30 20 de

2339 3523 137 21 l'industrie
2496 3525 32 20 du
2547 3524 122 21 bâtiment
2688 3525 41 25 qui
2747 3526 44 19 ont
2810 3524 84 22 décidé

2339 3555 34 15 un
2398 3550 110 21 lock-out
2533 3551 85 20 contre
2645 3551 34 20 les
2705 3552 108 23 patrons!
2839 3552 56 20 Aux

2339 3576 75 24 petits
2429 3577 196 24 entrepreneurs,
2641 3577 61 20 dont
2716 3578 122 24 plusieurs
2856 3578 29 20 de-

2339 3603 119 21 mandent
2475 3608 50 15 aux
2543 3603 110 21 ouvriers
2673 3604 30 20 de
2720 3604 133 24 reprendre
2872 3604 22 20 le

2339 3628 89 20 travail
2440 3634 53 16 aux
2509 3630 133 20 anciennes
2659 3630 145 23 conditions,
2822 3631 16 20 il
2856 3635 38 17 est

2339 3653 110 25 répondu
2467 3661 6 14 :
2491 3662 12 12 «
2517 3655 191 21 Adressez-vous
2723 3655 16 22 à
2755 3657 69 19 votre
2838 3661 46 20 syn-

2339 3680 67 21 dicat
2429 3686 62 19 pour
2511 3682 57 24 qu'il
2591 3682 74 21 retire
2687 3683 25 20 la
2734 3681 106 22 décision
2863 3683 31 20 de

2339 3707 24 20 la
2382 3707 147 20 diminution
2550 3708 42 21 des
2609 3708 103 20 salaires
2732 3710 25 19 et
2776 3709 24 21 la
2820 3708 73 26 grève

2338 3738 99 15 cessera
2457 3734 22 19 le
2499 3734 58 24 jour
2576 3734 79 20 même
2676 3741 21 15 ».

2366 3760 38 19 En
2426 3765 28 15 ce
2477 3761 40 23 qui
2540 3765 120 18 concerne
2683 3761 27 21 la
2730 3760 163 27 métallurgie,

2338 3785 23 20 le
2382 3785 116 25 syndicat
2521 3787 99 19 ouvrier
2640 3791 16 15 a
2680 3786 84 24 décidé
2787 3788 107 25 d'exig_r

2338 3812 43 19 des
2403 3814 102 22 patrons
2528 3818 48 15 non
2599 3812 94 21 affiliés
2715 3818 47 16 une
2786 3813 108 21 déclara-

2338 3838 52 20 tioa
2410 3837 76 21 écrite
2508 3844 45 19 par
2573 3839 104 25 laquelle
2698 3840 30 21 ils
2750 3840 141 25 s'engagent

2337 3863 17 21 à
2372 3869 31 15 ne
2422 3870 45 19 pas
2486 3864 98 21 réduire
2602 3865 36 20 les
2656 3866 103 22 salaires
2777 3866 72 21 sinon
2869 3867 24 20 la

2338 3889 75 26 grève
2439 3889 123 24 s'étendra
2588 3891 16 21 à
2630 3892 66 20 leurs
2721 3892 106 21 at'eisrs.
2854 3893 39 21 On

2338 3917 97 23 compte
2455 3917 156 24 aujourd'hui
2630 3924 33 14 un
2680 3918 92 21 millier
2792 3919 29 19 de
2840 3918 44 26 gré-

2337 3942 83 22 vistes.

2339 3983 59 22 *r**
2396 3984 43 22 ftft
2437 3984 42 22 *fl
2477 3985 43 21 ^,
2516 3985 27 21 A
2541 3985 21 21 A
2560 3985 329 23 A*W*WWWArf¥MW¥*m

2337 4020 35 25 de
2390 4020 134 30 faiblesse.
2545 4021 76 25 Voici
2639 4022 97 30 qu'une
2754 4023 87 30 partie
2851 4023 43 24 'de

2338 4050 130 29 l'opinion
2493 4051 127 29 anglaise,
2645 4050 163 25 habilement
2832 4059 51 17 con-

2337 4080 73 24 duite
2429 4088 50 22 par
2494 4082 38 23 les
2549 4082 180 29 sycophantes
2747 4082 147 30 pacifistes,

2337 4112 93 21 trouve
2449 4111 159 27 regrettable
2626 4117 51 24 que
2695 4111 26 24 la
2739 4112 103 24 France
2860 4118 34 16 en

2337 4139 105 30 appelle
2458 4147 34 17 au
2509 4140 107 25 Conseil
2632 4141 33 24 de
2682 4141 25 23 la
2722 4142 26 24 S.
2764 4141 31 24 D.
2811 4142 31 23 X.
2857 4142 37 23 Le

2334 4169 80 30 Daily
2425 4169 99 24 Herald
2538 4170 46 30 qui
2596 4170 93 30 reflète
2701 4171 133 29 l'opinion
2845 4172 48 24 des

2336 4198 171 25 travaillistes
2529 4199 127 25 endurcis
2679 4200 93 24 estime
2794 4207 51 23 que
2868 4201 26 23 la

2336 4228 144 24 démarche
2497 4229 135 30 française
2649 4237 14 16 <
2679 4229 58 25 doit
2754 4231 107 23 aboutir
2878 4233 16 21 à

2336 4259 26 23 la
2379 4259 167 24 destruction
2565 4259 34 23 de
2618 4261 71 22 toute
2708 4260 102 23 chance
2829 4260 64 23 d'un

2336 4289 91 22 retour
2447 4288 37 24 du
2504 4288 84 24 Reich
2609 4289 16 24 à
2646 4289 128 25 Genève...
2795 4297 13 15 »
2830 4289 64 24 Ceci

2336 4319 68 22 n'est
2427 4317 68 26 rien.
2518 4319 37 23 Le
2580 4319 88 24 Times
2693 4320 39 22 est
2756 4319 61 30 plus
2841 4319 53 23 dur

2334 4353 98 18 encore
2448 4349 25 22 et
2488 4348 93 23 estime
2596 4355 51 22 que
2662 4355 14 16 <
2691 4348 58 25 rien
2765 4355 34 18 ne
2813 4355 69 23 pour-

2336 4376 51 25 rait
2407 4377 55 24 être
2483 4377 90 24 mieux
2591 4377 104 25 destiné
2714 4379 17 23 à
2749 4378 144 29 empêchrr

1184 4850 70 19 ment
1266 4849 110 24 français
1389 4854 47 19 que
1451 4850 61 21 dans
1525 4855 23 19 ie
1562 4850 173 26 communiqué

1187 4875 131 21 concluant
1332 4876 37 20 les
1384 4877 186 21 conversations
1586 4879 41 23 qui
1645 4878 43 20 ent
1705 4883 30 15 eu

1186 4900 49 21 lieu
1252 4902 70 20 entre
1340 4902 36 20 les
1394 4902 213 22 Gouvernements
1623 4904 112 25 français

1183 4927 25 20 et
1229 4927 158 25 britannique
1408 4928 82 25 publié
1510 4930 23 19 le
1551 4931 13 19 3
1586 4930 99 25 février,
1705 4936 32 15 on

1187 4952 69 21 avait
1280 4953 130 21 réaffirmé
1435 4950 23 25 ie
1483 4955 111 25 principe
1621 4956 114 21 essentiel

1187 4982 47 20 que
1256 4980 23 20 le
1301 4980 82 21 statut
1404 4981 117 21 militaire
1545 4981 76 22 établi
1642 4988 47 19 par
1710 4983 25 20 la

1187 5005 80 23 partie
1287 5006 23 20 V
1333 5007 33 21 du
1388 5007 85 24 Traité
1496 5008 31 21 de
1547 5009 134 22 Versailles
1702 5014 33 15 ne

1188 5032 100 22 pouvait
1306 5038 44 20 pas
1369 5033 53 21 être
1440 5034 103 21 modifié
1560 5033 48 27 par
1626 5040 34 16 un
1679 5037 56 19 acte

1187 5057 138 24 unilatéral.

1214 5083 34 21 Le
1267 5085 199 23 Gouvernement
1486 5087 86 21 italien
1592 5089 42 23 qui
1655 5095 31 16 en
1705 5093 29 15 ce

1187 5111 42 23 qui
1253 5110 23 21 le
1300 5116 127 20 concerne,
1450 5119 16 15 a
1491 5114 113 24 toujours
1628 5116 106 19 soutenu

1187 5136 173 24 l'oppcrtunité
1400 5140 72 20 d'une
1505 5140 108 21 revision
1647 5142 31 20 de
1710 5142 25 19 la

1187 5163 80 25 partie
1286 5163 23 20 V
1330 5164 32 20 du
1381 5165 85 22 Traité
1486 5167 29 22 de
1534 5167 134 21 Versailles
1688 5173 46 19 par

1186 5191 25 20 la
1226 5189 55 21 voie
1301 5190 29 20 de
1348 5190 168 25 négociations
1534 5194 70 21 entre
1620 5191 37 23 les
1675 5198 49 20 gou-

1186 5216 158 22 vernements
1365 5217 133 23 intéressés
1516 5225 32 17 en
1569 5219 53 22 état
1643 5221 29 20 de
1692 5225 33 20 pa-

1187 5242 46 22 rité
1250 5242 109 25 parfaite
1376 5245 69 21 avait
1463 5245 91 21 adhéré
1572 5252 33 15 au
1622 5247 112 24 principe

1186 5269 102 24 suivant
1309 5270 79 23 lequel
1409 5270 26 20 la
1455 5272 114 23 question
1590 5275 45 19 des
1656 5278 69 15 arme-

1181 5296 82 20 ments
1294 5295 137 21 allemands
1463 5300 83 20 aurait
1578 5297 33 22 dû
1642 5300 94 20 former

1187 5322 84 24 l'objet
1288 5321 30 21 de
1337 5323 158 23 pourparlers
1515 5324 61 23 dans
1596 5330 48 15 une
1662 5325 63 25 négo-

1187 5348 93 21 ciation
1299 5347 115 26 générale
1433 5349 71 23 d'une
1521 5351 75 24 façon
1614 5352 120 24 analogue

1187 5374 16 21 à
1215 5380 30 15 ce
1257 5376 42 24 qui
1314 5375 69 21 avait
1396 5373 40 22 été
1450 5374 75 22 établi
1540 5377 62 22 dans
1616 5378 25 21 la
1656 5378 70 21 décla-

1187 5402 81 21 ration
1287 5402 33 21 du
1336 5402 28 20 11
1382 5400 129 22 décembre
1525 5402 55 21 1932
1596 5403 18 21 à
1628 5404 110 25 laquelle

1187 5428 159 25 l'Allemagne
1370 5434 16 15 a
1408 5427 128 26 participé.
1558 5429 71 22 Cette
1651 5430 74 25 procé-

1188 5454 60 21 dure
1260 5455 69 20 avait
1342 5453 39 22 été
1393 5453 117 26 acceptée
1524 5459 30 16 en
1565 5456 112 25 principe
1688 5462 47 19 par

1182 5480 23 23 le
1223 5484 194 21 gouvernement
1435 5480 125 21 allemand
1577 5482 133 22 lui-même.

1216 5507 32 19 Le
1269 5506 201 21 Gouvernement
1495 5507 87 22 italien
1609 5509 127 20 considère

1190 5532 63 21 donc
1277 5533 30 21 de
1330 5538 45 15 son
1398 5533 85 21 devoir
1506 5533 29 20 de
1557 5533 121 24 formuler
1699 5536 37 20 les

1190 5559 54 24 plus
1267 5560 94 24 amples
1383 5558 113 22 réserves
1517 5564 33 15 au
1572 5560 66 24 sujet
1659 5562 30 22 de
1711 5562 25 20 la

1190 5584 108 22 décision
1322 5586 32 20 du
1378 5586 200 21 Gcuvernement
1601 5587 33 20 du
1656 5588 80 20 Reich

1189 5613 26 19 et
1231 5616 44 17 sur
1293 5617 40 15 ses
1353 5613 129 25 probables
1501 5611 222 26 développements.

1216 5637 34 21 Le
1269 5638 199 23 Gouvernement
1485 5639 88 21 italien
1590 5645 18 15 a
1624 5639 112 25 toujours

1189 5663 105 22 cherché
1306 5664 17 21 à
1336 5666 109 21 associer
1458 5666 151 25 pleinement
1619 5665 25 21 lé
1657 5666 79 21 Reich

1189 5688 17 21 à
1226 5695 36 15 un
1283 5690 108 25 système
1414 5692 30 23 de
1466 5691 179 22 collaboration
1666 5693 70 20 entre

1189 5717 36 20 les
1248 5718 146 23 principales
1417 5719 144 24 puissances
1581 5717 155 22 intéressées,

1188 5741 108 26 système
1320 5746 42 22 qui
1386 5745 181 22 reconnaîtrait
1586 5744 152 26 pleinement

1190 5773 32 16 au
1238 5769 80 20 Reich
1336 5771 35 20 les
1391 5771 78 21 droits
1487 5772 25 20 et
1529 5772 37 22 les
1583 5770 144 26 responsabi-

1182 5793 58 23 lités
1262 5795 56 21 d'un
1338 5796 61 20 Etat
1418 5798 139 21 souverain.
1575 5798 67 21 C'est
1660 5797 68 25 préci-

1190 5820 98 23 sément
1309 5826 32 16 en
1362 5822 84 20 raison
1469 5824 30 19 de
1519 5828 43 16 ces
1590 5823 148 25 précédents

1189 5852 48 20 que
1253 5847 25 20 la
1293 5846 108 22 décision
1418 5849 33 20 du
1467 5849 79 20 Reich
1559 5850 114 24 acquiert
1687 5854 50 16 une

1190 5872 97 27 gravité
1296 5884 6 8 <
1313 5874 70 21 toute
1406 5874 167 28 particulière,
1597 5876 100 22 surtout
1721 5876 17 21 â

1789 4414 174 22 L'événement
1986 4413 29 21 de
2039 4412 94 22 ssmedl
2156 4412 99 21 dernier
2277 4416 50 18 est.
2335 4406 25 24 te
2382 4408 92 21 retour
2496 4407 35 23 de
2555 4407 170 27 l'Allemagne
2748 4409 17 23 à
2787 4408 103 23 Genève

2335 4435 97 30 qu'une
2453 4436 110 24 citation
2585 4437 37 23 du
2643 4436 84 24 Reich
2748 4437 98 24 devant
2867 4437 25 24 te

2335 4465 107 24 Conseil
2456 4466 34 23 de
2505 4466 25 23 la
2543 4466 26 24 S.
2583 4466 31 24 D.
2629 4466 30 23 X.
2673 4473 14 15 >
2702 4466 36 24 Le
2751 4466 79 30 Daily
2844 4467 48 23 Tc-

2334 4495 111 29 legraph
2462 4496 67 23 n'est
2547 4503 47 21 pas
2613 4495 36 24 du
2666 4496 86 24 même
2768 4496 65 24 avis.
2850 4497 40 22 En

2335 4525 134 23 revanche
2483 4525 72 23 toute
2569 4524 9 25 l
2587 4524 112 30 opinion
2713 4528 39 22 est
2766 4525 126 25 d'accord

2335 4561 70 22 pour
2446 4555 109 22 trouver
2594 4554 105 24 louable
2740 4551 153 28 l'initiative

2335 4583 80 24 d'une
2435 4584 125 24 entrevue
2581 4584 16 23 à
2615 4583 74 25 trois.
2692 4601 15 7 ..
2707 4604 9 10 v

2369 4612 130 29 Qu'est-ce
2518 4618 51 30 que
2588 4613 57 24 cela
2664 4614 62 22 veut
2742 4613 76 24 dire?
2838 4613 54 32 Que

2338 4641 26 24 la
2375 4641 68 24 belle
2456 4641 148 24 unanimité
2616 4641 225 30 anglo-fraw:Mse
2855 4642 35 23 du

2335 4672 16 22 3
2371 4671 101 28 février
2492 4673 39 22 est
2551 4672 16 23 à
2587 4672 106 28 refaire.
2713 4672 34 24 M-.
2767 4672 125 29 Anthony

2336 4700 76 23 Eden
2428 4701 26 22 et
2472 4700 33 23 M.
2521 4699 101 25 Suvich
2640 4700 72 24 iront
2729 4701 16 23 à
2760 4701 76 23 Paris
2852 4707 31 16 sa-

2335 4730 81 24 medi.
2439 4730 39 24 On
2504 4730 110 24 tâchera
2635 4730 36 24 de
2692 4737 30 18 se
2745 4732 147 22 concerter.

2335 4760 69 23 D'un
2424 4760 58 23 seul
2502 4766 69 23 coup
2591 4760 34 23 de
2645 4759 107 25 boutoir
2771 4759 86 24 Hitler
2877 4767 16 15 a

2335 4788 85 29 défait
2439 4790 56 22 tout
2515 4788 118 30 l'édifice
2652 4789 36 24 du
2707 4789 16 23 3
2742 4788 108 29 février.
2870 4788 23 24 H

2334 4826 17 16 a
2363 4818 61 30 joué
2440 4818 83 30 quitte
2537 4825 35 17 ou
2585 4817 98 26 double
2697 4820 25 22 et
2737 4819 20 23 il
2770 4826 16 16 a
2799 4819 93 28 gagné.

2368 4846 58 25 Aux
2448 4848 167 27 Communes,
2637 4848 25 24 le
2683 4847 124 24 scénario
2830 4848 63 23 s'est

2335 4877 111 24 déroulé
2468 4876 76 24 selon
2568 4877 24 23 le
2616 4876 60 24 rite.
2698 4877 45 23 Sir
2766 4876 126 30 Philippe

2334 4907 116 23 Sassoon
2467 4914 17 16 a
2499 4906 149 35 développé
2664 4913 51 17 son
2732 4906 98 30 exposé
2846 4913 47 16 sur

2335 4936 25 22 le
2377 4936 177 23 réarmement
2571 4935 91 24 aérien
2680 4935 34 24 de
2732 4935 27 23 la
2776 4935 117 23 Grande-

2335 4965 130 29 Bretagne
2479 4967 25 21 et
2517 4964 33 24 M.
2567 4965 121 23 Winston
2702 4964 139 25 Churchill
2853 4964 39 23 lui

1763 4441 67 21 alors
1849 4441 137 20 intervenu,
2005 4439 106 20 calant
2129 4443 34 15 un
2180 4438 62 21 choc
2261 4444 16 19 p
2305 4449 11 4 -

1762 4467 68 22 fend,
1847 4472 98 15 comme.
1959 4466 34 21 M.
2009 4465 131 24 Lanrbury
2155 4465 32 20 l'a
2203 4465 37 21 dit
2256 4470 59 15 sans

1763 4492 166 26 exagération.

1788 4520 39 20 La
1842 4519 118 23 nouvelle,
1965 4518 48 24 ji^'a
2028 4523 46 20 pas
2090 4517 106 25 marqué
2214 4517 30 21 de
2260 4522 45 20 pro-

1762 4551 94 19 voquer
1880 4546 36 20 les
1941 4544 178 25 protestations
2145 4544 42 20 des
2212 4548 93 20 gouver-

1764 4572 113 20 nements
1892 4572 104 22 anglais,
2011 4570 111 23 français
2138 4571 25 19 et
2179 4570 93 20 italien.

1786 4597 38 22 Le
1846 4598 46 21 but
1916 4597 30 21 de
1970 4598 72 20 notre
2065 4600 93 20 voyage
2182 4601 12 14 s
2198 4596 53 20 vait
2276 4595 38 22 été

1765 4624 119 24 d'ajuster
1901 4624 37 20 les
1957 4624 83 24 points
2058 4622 30 21 de
2107 4627 48 16 vue
2174 4622 57 21 d'un
2250 4626 55 16 com-

1763 4655 60 15 mun
1841 4650 97 23 accord,
1958 4651 25 20 et
2003 4654 47 16 une
2069 4647 174 22 dénonciation
2262 4648 43 20 uni-

1763 4676 102 20 latérale
1884 4676 147 21 constituait
2050 4679 48 16 une
2117 4674 51 21 très
2187 4679 128 16 mauvase

1763 4701 159 25 préparation
1954 4707 63 20 pour
2046 4705 35 16 un
2106 4705 73 16 accor
2183 4702 19 19 ~\.
2232 4700 83 21 NéaiC-

1762 4728 88 21 moins.
1869 4733 63 16 nous
1950 4734 8 14 i
1966 4733 45 15 vor
2020 4734 7 13 ;
2047 4726 85 25 essayé
2151 4727 30 21 de
2201 4727 112 24 prendre,

1762 4758 29 15 en
1813 4752 118 25 présence
1953 4753 30 20 de
2006 4756 29 18 de
2055 4751 53 22 très
2129 4757 77 20 grav^
2227 4751 75 21 événe-

1761 4780 76 23 ment,
1861 4779 124 20 l'attitude
2009 4778 43 25 qui
2074 4782 64 16 nou3
2160 4783 17 15 a
2199 4783 64 20 paru
2287 4777 25 20 la

1764 4804 57 25 plus
1845 4809 67 20 sage.
1936 4805 109 20 Refuser
2072 4803 85 20 d'aller
2181 4803 17 21 à
2221 4804 92 22 Berlin,

1760 4830 54 20 cela
1828 4834 32 15 ne
1876 4831 95 20 menait
1987 4830 66 20 nulle
2065 4829 67 24 part.
2150 4829 83 25 Ay_nt
2249 4829 63 21 donc

1761 4854 115 26 présenté
1897 4856 72 20 notre
1987 4854 171 26 protestation,
2177 4856 26 19 et
2220 4855 37 20 les
2276 4854 37 21 ré-

1763 4881 85 22 servdà
1872 4883 42 24 qui
1937 4881 245 24 Vâccomp8"'""aient,
2206 4882 23 20 le
2254 4886 60 20 gou-

1763 4914 30 15 v_
1809 4909 99 20 aement
1926 4913 17 15 a
1952 4906 96 23 -estimé
2064 4906 61 25 qu'il
2142 4906 62 22 était
2213 4907 57 23 .bon
2290 4908 25 19 et

1762 4934 82 22 mêma
1860 4934 139 21 nécessaire
2017 4934 29 21 de
2064 4933 64 20 faire
2145 4934 22 20 le
2186 4939 101 20 voyage.

1789 4961 22 20 B
1830 4967 40 15 me
1891 4961 57 21 faut
1967 4966 27 15 ce
2013 4966 30 15 e*.-
2056 4965 49 14 *_--
2124 4959 64 22 fiire
2208 4963 49 18 Une
2277 4965 37 15 re¬

1761 4992 103 20 marque
1887 4987 17 21 à
1926 4992 90 20 propos
2039 4986 29 20 de
2091 4986 128 20 l'annonce
2250 4986 63 20 faite
2323 4990 4 21 |
2334 5002 17 16 fl
2370 4994 122 30 répondu
2511 5000 33 17 en
2564 4994 84 23 citant
2666 4994 38 24 les
2723 4994 113 30 chiffres
2855 4996 36 21 du

2948 803 94 24 Depuis
3063 803 74 24 Liszt,
3162 804 25 20 et
3209 803 86 25 depuis
3317 804 155 23 Ruhinstein,

2922 829 24 20 la
2966 828 130 21 virtuosité
3118 829 150 25 pianistique
3288 834 16 15 a
3323 829 87 21 trouvé
3429 830 44 20 des

2925 855 186 25 représentants
3150 860 31 14 en
3219 854 113 25 quantité
3369 860 105 20 presque

2925 881 178 20 innombrable.
3127 881 172 24 L'Allemagne
3324 881 60 20 s'est
3408 880 57 22 révé-

2921 906 38 22 lée
2980 912 55 15 une'
3049 906 126 26 pépinière
3197 906 153 25 inépuisable
3372 907 30 20 de
3423 908 42 24 pia-

2921 934 78 20 nistes
3023 933 30 20 de
3075 933 85 24 talent,
3182 938 60 16 avec
3264 933 25 20 la
3309 933 91 20 Russie
3422 938 42 15 mo-

2921 959 75 21 derne
3012 960 25 19 et
3052 959 25 20 la
3091 959 118 24 Pologne;
3226 960 25 19 la
3266 959 96 20 France
3377 964 16 15 a
3406 959 59 20 four-

2921 987 25 19 ni
2966 986 118 24 quelques
3104 984 79 25 sujets
3205 984 80 21 d'élite
3306 986 26 19 et
3351 985 18 20 11
3391 984 83 26 paraît

2923 1017 54 19 que,
3003 1016 59 15 sans
3087 1011 57 24 trop
3169 1011 126 24 chercher,
3318 1016 33 15 on
3378 1012 87 19 trouve-

2921 1038 55 24 rait,
2992 1042 31 16 en
3039 1037 125 25 Belgique,
3181 1037 43 20 des
3240 1036 101 21 artistes
3358 1037 115 24 capables

2921 1063 29 21 de
2970 1064 77 20 lutter
3066 1064 240 24 avantageusement
3326 1068 61 15 avec
3406 1062 66 21 leurs

2920 1089 127 21 confrères
3067 1088 136 26 étrangers.

2948 1115 127 24 Jusqu'ici,
3099 1115 145 25 cependant,
3269 1115 88 20 l'Italie
3381 1115 93 20 n'avait

2920 1146 45 19 pas
2981 1140 103 25 apporté
3099 1147 28 14 sa
3142 1143 58 20 note
3215 1140 16 21 à
3246 1146 27 15 ce
3288 1144 102 17 concert
3404 1146 60 15 euro-

2920 1165 68 25 péen.
3003 1167 21 19 Il
3038 1172 17 19 y
3070 1172 15 15 a
3099 1162 58 25 biAi
3174 1172 31 15 eu
3219 1168 94 20 Busoni
3329 1167 48 25 qui,
3395 1168 17 20 il
3426 1172 17 20 y
3456 1172 16 15 a

2925 1193 103 24 quelque
3053 1194 82 19 trente
3160 1198 53 19 ans,
3238 1192 83 22 s'était
3347 1192 126 26 distingué

2920 1221 95 18 comme
3031 1223 34 16 un
3079 1224 13 14 «
3106 1219 96 25 primus
3217 1219 67 21 inter
3298 1224 74 20 pares
3387 1219 85 24 >,mais

2919 1243 100 23 Busoni,
3033 1244 86 20 italien
3132 1245 125 25 d'origine,
3272 1245 63 21 était
3348 1245 125 21 allemand

2920 1274 46 18 par
2981 1274 45 15 son
3041 1268 131 23 éducation
3187 1273 24 18 et
3226 1277 29 15 sa
3269 1272 136 20 formation
3419 1277 44 15 mu-

2920 1294 96 21 sicales.
3035 1295 71 20 Voici
3123 1301 54 20 que,
3195 1302 62 21 coup
3278 1303 44 15 sur
3338 1302 70 20 coup,
3426 1302 46 20 par

2921 1320 138 21 l'initiative
3078 1321 29 21 de
3125 1322 119 22 l'Institut
3262 1324 29 20 de
3309 1325 96 19 culture
3423 1324 40 20 Ita-

2922 1346 81 20 lienne
3027 1347 30 20 de
3081 1347 134 24 Bruxelles,
3239 1354 47 20 que
3310 1350 78 25 dirige
3412 1355 61 15 avec

2920 1373 90 20 autant
3027 1373 29 21 de
3074 1373 79 20 talent
3169 1379 47 19 que
3233 1375 30 20 de
3283 1380 57 16 sens
3358 1377 112 24 pratique

2921 1398 22 19 le
2966 1398 78 22 baron
3067 1399 95 24 Artom,
3184 1400 64 20 deux
3283 1402 121 20 virtuoses
3441 1402 30 21 de

2920 1424 95 24 grande
3038 1425 79 20 classe
3140 1426 117 21 viennent
3280 1426 94 22 révéler
3395 1428 68 21 l'exis-

2921 1451 71 19 tence
3015 1450 71 21 d'une
3110 1450 66 22 école
3199 1452 117 21 italienne
3340 1454 32 20 du
3397 1455 74 23 piano

2920 1475 61 22 dont
2997 1477 35 20 les
3050 1476 106 25 qualités
3174 1482 31 16 ne
3222 1479 22 20 le
3262 1478 89 21 cèdent
3368 1485 31 15 en
3417 1481 53 20 rien

2920 1506 50 15 aux
2992 1503 84 19 autres
3094 1508 6 14 :
3124 1503 60 21 MM.
3204 1504 114 24 Agostini
3339 1506 26 20 et
3399 1506 73 20 Carlo

2921 1527 95 21 Zecchi.
3040 1528 33 21 Ce
3099 1528 105 25 dernier,
3229 1530 72 24 qu'on
3325 1535 16 15 a
3364 1532 108 20 entendu

2920 1553 80 20 mardi
3018 1554 57 23 soir,
3095 1559 33 16 au
3146 1555 83 21 Palais
3250 1556 42 20 des
3310 1557 161 24 Beaux-Arts,

2921 1580 38 19 est
2981 1580 229 24 particulièrement
3233 1584 172 23 remarquable
3426 1589 46 20 par

2921 1610 47 15 une
2990 1606 132 24 technique
3144 1607 60 20 dont
3225 1608 25 21 la
3271 1609 138 24 perfoclion
3433 1611 39 19 est

2920 1631 103 23 poussée
3044 1631 16 21 à
3081 1632 132 26 l'extrême,
3235 1635 26 19 et
3283 1639 47 20 par
3350 1635 112 26 l'origina-

2920 1656 43 21 lité
2980 1658 71 21 d'une
3070 1658 191 26 interprétation
3278 1660 31 20 où
3327 1661 22 20 le
3365 1661 67 25 goût,
3450 1662 21 20 le

2920 1688 58 16 sens
3002 1684 105 21 musical
3132 1685 25 20 et
3182 1686 24 19 la
3231 1686 118 21 fantaisie
3373 1693 89 19 person-

2920 1709 62 20 nelle
2997 1714 27 15 se
3039 1711 163 21 manifestent
3218 1711 62 22 dans
3298 1714 23 19 la
3337 1713 55 26 plus
3407 1719 54 15 com-

2920 1734 64 25 plète
3002 1735 133 25 plénitude.

2947 1760 39 20 On
3002 1763 59 23 peut
3078 1762 115 26 discuter,
3212 1764 59 20 chez
3287 1765 32 20 M.
3336 1766 94 23 Zecchi,
3447 1768 25 19 la

2920 1786 203 25 compréhension
3143 1789 30 21 de
3195 1790 94 25 Chopin
3309 1793 25 19 et
3353 1792 24 19 la
3396 1792 75 25 façon

2920 1811 30 21 de
2970 1813 110 21 traduire
3100 1815 96 21 Mozart
3216 1818 25 18 et
3261 1817 107 21 Beethov
3373 1823 37 19 en,
3429 1819 43 24 qui

2921 1840 114 22 rompent
3052 1841 146 20 totalement
3215 1847 60 16 avec
3293 1844 73 19 celles
3383 1849 47 19 que
3448 1845 25 20 la

2919 1864 119 20 tradition
3060 1870 62 17 nous
3141 1872 15 15 a
3176 1869 154 20 transmises.
3349 1870 54 20 Une
3421 1871 49 20 fois

2920 1889 86 24 admis,
3028 1891 43 20 des
3094 1893 123 24 principes
3239 1895 29 20 de
3303 1895 86 21 liberté
3424 1902 47 15 oue

2923 1914 140 23 l'évolution
3090 1918 43 20 des
3158 1919 107 22 facultés
3291 1921 29 20 de
3348 1924 122 19 ressent-r

2919 1941 36 21 les
2978 1942 76 21 effets
3076 1944 129 21 musicaux
3228 1947 112 24 exulique
3361 1959 29 3 --
3411 1954 60 16 sans

2920 1968 118 20 toutefois
3056 1970 72 23 qu'on
3147 1970 70 21 doive
3235 1972 36 25 s'y
3290 1975 138 20 "Our-.t*?tre

2919 1994 25 19 et
2959 1999 47 19 que
3023 1995 35 20 les
3078 1996 101 21 artistes
3196 1998 30 19 de
3242 2000 66 19 cette
3324 2000 146 24 génération

2919 2020 184 24 revendiquent,
3121 2027 31 15 on
3171 2028 26 15 se
3215 2026 87 18 trouve
3319 2026 91 21 devant
3428 2028 42 20 des

2922 2047 184 20 constructions
3132 2049 119 24 logique?,
3291 2052 103 23 parfait*
3400 2056 70 18 ment

2920 2070 145 25 équilibrées
3088 2074 26 19 et
3137 2075 61 20 dont
3220 2076 165 25 l'expression,
3407 2085 63 19 pour

2918 2097 71 20 avoir
3009 2098 95 25 changé
3125 2100 29 19 de
3176 2106 64 18 sens,
3261 2103 55 19 n'en
3353 2106 39 19 est
3424 2111 46 19 pas

2918 2123 81 21 moins
3018 2123 97 22 intense
3137 2127 24 20 et
3180 2126 154 25 pénétrante.

2946 2148 33 20 Ce
3001 2154 46 19 que
3070 2151 47 19 l'on
3139 2157 30 15 ne
3191 2155 60 22 peut
3272 2155 115 25 discuter,
3410 2158 60 20 c'est

2918 2174 23 20 le
2959 2174 101 22 brillant
3077 2176 30 21 de
3127 2177 152 25 l'exécution,
3297 2186 45 15 son
3360 2182 53 21 brio
3431 2189 30 14 ex-

2919 2201 138 23 ceptionnel
3071 2213 27 4 —
3112 2203 22 20 le
3149 2204 120 23 Concerto
3283 2212 31 14 en
3328 2209 43 22 so',
3384 2209 30 20 de
3430 2210 30 19 Vi-

2919 2226 72 22 valdi,
3016 2232 30 15 en
3068 2234 17 14 a
3120 2230 83 20 fourni
3241 2236 33 15 un
3311 2235 160 21 merveilleux

2918 2252 110 25 exemple
3042 2264 27 4 —
3084 2255 26 19 et
3124 2256 22 19 le
3164 2257 78 21 talent
3257 2258 30 20 de
3302 2260 114 21 coloriste
3433 2267 28 15 so-

2919 2282 59 17 nore
2997 2279 33 20 du
3049 2280 116 24 virtuose,
3184 2283 41 23 qui
3246 2283 103 26 dépasse
3369 2289 54 19 tout
3443 2293 27 15 ce

2919 2308 47 19 que
2988 2305 47 20 l'on
3057 2309 59 21 peut
3141 2309 122 24 imaginer
3283 2311 49 20 Les
3352 2314 119 20 .-'.éludes

2920 2330 146 21 l'Automne
3089 2332 30 21 de
3142 2334 136 27 Malipiero,
3302 2337 52 21 Une
3380 2339 91 25 barque

2919 2360 45 14 sur
2981 2357 98 20 l'Océan
3101 2360 26 19 et
3145 2360 125 22 Alborada
3288 2363 40 21 del
3346 2362 117 23 Gracibso

2920 2381 28 19 de
2967 2381 86 25 Ravel,
3072 2386 57 18 sont
3148 2385 30 20 de
3197 2387 75 21 belles
3289 2394 97 16 œuvres
3408 2397 7 6 •
3437 2392 26 19 M

2918 2406 73 22 Carlo
3006 2408 88 21 Zecchi
3109 2415 30 15 en
3155 2417 17 15 a
3186 2412 48 20 fait
3250 2408 220 31 d'incomparables

2919 2432 194 24 chefs-d'œuvre.

2949 2458 54 22 Une
3028 2460 129 22 exécution
3196 2465 164 25 prestigieuse
3398 2468 74 21 d'une

2919 2484 81 21 Etude
3021 2485 29 22 de
3071 2487 198 27 Liszt-Paganini
3291 2497 180 22 couronna,par

2920 2514 33 15 un
2974 2511 130 25 triomphe,
3125 2514 22 20 le
3169 2516 86 21 succès
3277 2518 32 20 du
3333 2518 86 22 récital
3441 2521 29 21 de

2918 2536 33 20 M.
2967 2536 88 24 Zecchi
3071 2540 41 23 qui
3128 2541 110 24 laissera,
3254 2543 62 21 dans
3331 2545 24 20 la
3370 2545 101 23 mémoi-

2920 2566 26 15 rî
2965 2563 43 20 des
3027 2565 135 26 auditeurs,
3181 2568 22 19 le
3222 2571 117 19 souvenir
3358 2572 14 19 d
3380 2577 33 15 un
3432 2579 29 14 ar-

2919 2588 58 20 tiste
2994 2595 50 14 aux
3063 2590 101 22 mérites
3183 2595 191 23 transcendants
3393 2600 25 19 et
3436 2600 24 19 di-

2919 2619 49 19 gne
2986 2615 30 20 de
3035 2616 97 25 figurer
3150 2622 80 22 parmi
3250 2621 34 21 les
3303 2623 56 23 plus
3377 2626 93 22 grands

2920 2641 25 19 et
2963 2641 36 21 les
3015 2643 56 24 plus
3088 2643 71 22 fêtés.
3348 2650 38 20 pu
3410 2651 25 20 m

3602 689 46 32 LA
3673 689 60 33 VIE
3759 691 184 33 MILITAIRE

3524 757 34 21 M.
3580 756 103 25 Devèze,
3705 757 115 22 ministre
3843 758 30 21 de
3893 759 26 21 la
3941 758 108 22 Défense

3497 783 134 24 nationale,
3648 783 69 20 vient
3733 782 31 21 de
3781 785 159 21 transmettre
3956 784 17 22 à
3992 785 49 26 l'ap-

3500 809 131 24 probation
3656 809 84 24 royale
3764 809 98 21 l'arrêté
3887 811 84 20 relatif
4001 816 50 16 aux

3499 835 156 24 promotions
3680 834 189 22 trimestrielles.
3894 836 46 21 Cet
3965 836 83 21 arrêté

3497 860 134 24 comprend
3650 865 32 15 en
3700 859 73 21 ordre
3790 861 121 25 principal
3931 863 6 14 '•
3940 868 14 15 a
3972 863 67 20 nomi-

3497 886 86 20 nation
3604 891 33 15 au
3659 886 78 25 grade
3757 886 30 20 de
3807 885 191 27 général-major
4019 889 30 20 de

3497 912 88 23 quatre
3609 912 116 20 colonels.
3747 911 40 21 Un
3811 912 29 21 de
3863 914 128 24 cavalerie,
4015 920 34 18 un

3498 936 141 22 d'artillerie
3659 938 26 20 et
3703 937 65 21 deux
3786 937 29 21 de
3833 938 157 23 l'infanterie.

3525 969 35 21 Le
3582 971 92 20 chiffre
3697 971 137 25 organique
3857 972 44 20 des
3926 972 123 26 çenéraux

3497 995 33 20 du
3547 995 72 25 génie
3636 996 72 21 étant
3727 997 99 25 atteint,
3845 998 18 20 il
3880 1004 32 15 ne
3930 1004 56 16 sera
4003 1005 45 20 pas

3498 1020 48 21 fait
3568 1021 30 20 de
3621 1023 156 20 nomination
3800 1023 63 21 dans
3885 1024 65 21 cette
3972 1030 76 17 arme,

3499 1046 193 24 contrairement
3711 1054 17 15 a
3750 1054 46 15 nos
3818 1049 135 25 premières
3974 1051 66 20 infor-

3497 1072 115 21 mations.

3522 1096 22 20 Il
3584 1098 71 20 entre
3694 1100 62 20 dans
3781 1100 36 20 le3
3846 1101 133 21 intentions
4006 1102 44 21 de3

3497 1123 120 21 autorités
3634 1125 168 25 compétentes
3818 1127 31 21 de
3865 1132 31 16 ne
3912 1133 55 19 p.i*.*L
3983 1128 64 22 faire

3497 1154 13 13 €
3517 1148 72 24 jouer
3608 1150 22 20 le
3647 1152 105 20 volant»
3770 1152 113 26 qu'après
3902 1155 23 19 le
3942 1155 108 24 premier

3498 1174 66 24 cycle
3582 1175 29 20 de
3628 1175 89 22 l'Ecole
3735 1178 43 21 des
3794 1178 90 21 hautes
3902 1178 86 22 études
4004 1180 34 20 mi-

3499 1199 102 25 litaires,
3626 1202 42 23 qui
3702 1207 172 18 commencera
3905 1205 23 21 le
3952 1206 34 19 1"
4010 1210 30 16 oc-

3491 1225 84 22 tobre.

3523 1280 48 21 Le»
3586 1280 153 25 spécialistes
3752 1284 34 22 du
3800 1285 39 20 bel
3852 1284 126 23 uniforme
3994 1285 59 21 Hel-

3496 1305 126 26 denbergh
3642 1307 20 20 St
3683 1308 37 24 C,
3740 1309 71 24 18-21,
3829 1316 46 15 rue
3894 1312 156 26 Dliquesnoy.

3496 1331 205 22 Demandez-leur
3719 1333 54 25 prix
3792 1336 27 20 et
3834 1335 171 24 échantillons.

3971 1363 76 23 (1634)

3573 1421 51 32 Les
3640 1422 120 39 exploits
3777 1423 66 33 d'an
3860 1426 109 32 dément

3661 1467 18 31 à
3701 1467 185 39 Longwy-Bas

3514 1539 47 22 {Dj
3579 1541 71 20 notre
3668 1542 196 24 correspondant
3880 1545 154 23 particulier)

3806 1576 84 25 Arlon,
3904 1576 28 20 21
3949 1583 75 16 mars.

3526 1605 32 22 M.
3576 1606 47 24 P...,
3640 1607 116 21 habitant
3772 1613 44 16 rue
3833 1608 89 21 Merlin
3939 1610 17 21 à
3972 1611 67 25 Long-

3498 1632 105 24 wy-Bas,
3617 1635 95 20 devenu
3725 1634 152 22 subitement
3890 1636 50 24 fou,
3954 1643 27 15 se
3997 1638 44 20 bar-

3499 1658 84 21 ricada
3594 1660 62 20 dans
3668 1665 48 16 une
3727 1661 68 25 pièce
3807 1662 30 20 de
3848 1667 45 16 son
3904 1663 147 24 habitation,

3499 1684 43 21 dès
3558 1686 110 21 l'arrivée
3686 1688 29 20 de
3731 1688 25 20 la
3772 1689 78 24 police
3867 1689 98 22 alertée.

3526 1710 33 20 Le
3577 1712 165 28 malheureux,
3761 1713 91 26 délogé,
3867 1715 102 20 s'enfuit
3985 1716 63 22 dans

3499 1737 91 26 l'église
3609 1739 31 20 où
3659 1746 39 15 ses
3716 1742 154 21 hurlements
3889 1743 26 19 et
3932 1745 108 19 excentri-

3498 1764 62 22 cités
3582 1766 152 21 troublèrent
3755 1768 26 20 la
3800 1774 80 16 messe
3902 1770 41 23 qui
3967 1771 83 19 venait

3499 1791 29 20 de
3544 1796 161 18 commencer.
3720 1794 34 21 Le
3770 1794 99 21 déme-t
3885 1796 40 20 fut
3938 1795 113 22 maîtrisé

3498 1816 16 21 à
3531 1818 158 24 grand'peine
3707 1825 46 19 par
3770 1821 63 20 deux
3850 1821 95 25 prêtres
3962 1824 26 19 et
4004 1828 46 19 par

3498 1843 36 20 les
3545 1845 87 24 agents
3644 1845 93 21 arrivés
3748 1846 16 20 à
3775 1847 24 20 la
3811 1853 133 19 rescousse,
3957 1849 25 20 et
3994 1849 46 20 diri-

3499 1869 31 25 gé
3544 1875 43 15 sur
3602 1870 109 26 l'hôpital
3726 1872 64 23 civil.

3556 1950 78 34 LES
3660 1952 326 38 MERCURIALES

3518 2033 161 23 JOIXHGNE.
3696 2036 24 18 21
3737 2041 72 14 mars.
3825 2047 27 5 —
3868 2038 87 20 Beurre
3979 2040 22 19 le
4018 2042 15 17 k

3493 2056 24 19 1-5
3531 2056 15 18 à
3560 2057 24 18 17
3602 2063 5 14 ;
3621 2058 69 21 œufs,
3705 2059 34 18 les
3754 2059 30 23 36,
3800 2060 12 18 7
3830 2065 6 17 ;
3852 2062 86 22 poules,
3955 2067 29 18 p.,
4000 2064 24 18 15
4042 2068 5 16 ;

3492 2078 71 24 lapin,
3580 2080 20 18 le
3615 2080 31 21 k.,
3661 2081 47 20 5,50
3724 2087 5 15 ;
3745 2086 67 19 po:*cs
3826 2088 63 18 gras,
3904 2084 47 22 3,5o
3964 2086 16 18 à
3992 2086 54 21 3,59-

3493 2103 120 21 porcelets,
3633 2104 25 18 80
3678 2110 5 15 ;
3704 2109 103 18 pommes
3825 2106 28 18 de
3872 2107 69 22 terre,
3960 2108 34 18 les
4014 2108 37 20 100

3492 2124 67 21 kilos,
3574 2126 26 18 40
3618 2132 5 13 :
3642 2126 109 23 froment,
3767 2129 25 19 57
3810 2133 6 17 ;
3833 2130 90 21 avoine,
3939 2131 26 19 65
3981 2131 30 19 fr.

3517 2148 111 22 ARLON",
3649 2149 24 18 21
3692 2154 72 15 mars.
3782 2161 27 4 —
3826 2151 125 24 Porcelets,
3969 2154 33 21 73,
4021 2154 28 19 de

3492 2170 25 19 70
3532 2171 16 18 à
3565 2171 36 19 100
3621 2177 6 15 ;
3645 2172 76 23 lapins
3739 2173 28 18 de
3784 2178 110 19 garenne,
3912 2180 30 19 p.,
3959 2176 14 18 7
3992 2182 6 14 ;
4016 2177 22 19 la-

3494 2193 50 22 pins
3568 2194 164 24 domestiques,
3754 2196 26 19 30
3804 2201 6 16 ;
3834 2198 86 22 poules,
3942 2204 21 18 p.
3995 2200 24 19 15
4043 2206 6 4 -

3492 2215 89 23 beurre,
3599 2217 21 18 le
3637 2217 30 22 k.,
3686 2218 23 19 19
3729 2223 6 17 ;
3753 2219 106 24 fromage
3873 2221 30 18 de
3919 2222 82 21 ferme,
4019 2214 30 32 p.,*

3492 2239 45 20 1,50
3555 2246 6 14 ;
3580 2240 69 19 œufs,
3667 2240 23 19 la
3707 2241 120 23 douzaine,
3845 2243 12 18 3
3877 2249 6 13 :
3902 2248 102 19 pommes
4020 2245 29 18 de

3492 2262 68 21 terre,
3583 2263 34 18 les
3640 2263 36 19 1C0
3697 2264 31 22 k.,
3749 2264 25 19 35
3798 2270 6 16 ;
3826 2266 169 23 choux-fleurs,
4019 2272 29 18 ?.,

3492 2284 45 19 3..0
3557 2291 5 14 :
3580 2285 84 21 choux,
3682 2291 29 18 p.,
3729 2287 13 18 1
3760 2294 5 15 :
3784 2292 110 19 pommes,
3912 2289 34 19 les
3961 2290 32 22 36,
4009 2285 17 24 7"
4040 2295 8 16 ;

3492 2310 106 20 oranges,
3615 2309 46 21 2,50
3678 2315 5 15 ;
3699 2310 110 22 banones,
3826 2312 12 18 5
3851 2312 31 18 fr.

3153 2687 97 22 ♦■♦-

2937 2719 125 34 Dix-huit
3079 2724 186 34 antifascistes
3284 2728 166 34 condamnés

3132 2769 17 30 à
3175 2768 86 34 Rome

3029 2861 5 4 -
3213 2848 85 23 Rome.
3319 2850 27 20 21
3369 2856 74 17 mare.

2950 2870 112 31 Di^-huit
3092 2873 170 22 antifascistes
3285 2879 44 19 ont
3352 2883 118 20 comparu

2923 2895 90 21 devant
3026 2900 22 19 le
3061 2898 108 21 tribunal
3180 2901 92 25 spécial
3286 2904 41 23 qui
3339 2905 35 21 les
3386 2911 16 14 a
3414 2911 46 15 con-

2924 2922 102 23 damnes
3047 2923 16 21 à
3085 2926 42 20 des
3150 2927 84 24 peines
3254 2930 79 20 allant
3355 2931 29 22 de
3406 2932 27 20 13
3454 2932 17 21 à

2920 2950 14 20 2
2949 2955 46 16 ans
3012 2951 29 20 de
3057 2952 91 24 prison.

2930 3019 36 33 Le
2988 3027 94 28 retour
3105 3023 37 33 du
3165 3037 18 19 «
3195 3025 122 41 Léopold
3340 3028 92 40 Roger
3444 3042 18 19 »

3220 3098 75 26 Oran,
3314 3100 30 21 21
3362 3106 77 17 mars.

2952 3123 35 22 Le
3013 3130 13 14 «
3034 3125 108 27 Léopold
3144 3127 95 27 -Roger
3247 3135 13 13 »
3285 3130 40 21 est
3347 3132 84 21 arrivé
3454 3132 17 21 à

2922 3153 74 27 Oran,
3015 3155 17 21 à
3048 3157 30 20 12
3097 3157 24 21 h.
3139 3158 37 25 43,
3195 3161 95 20 venant
3305 3160 31 22 de
3354 3162 114 27 Rsggan.

2958 3231 89 40 Broyé
3067 3245 52 27 par
3138 3246 37 20 un
3192 3237 72 30 train
3282 3239 17 30 à
3319 3236 115 40 Muysen

2936 3306 48 22 (De
3002 3309 70 19 notre
3088 3310 195 23 correspondant
3301 3316 9 20 j
3320 3312 135 22 :rticul\er)

2944 3353 6 10 ■
2955 3349 61 15 .*-*-:•
3194 3343 112 24 Malines,
3322 3343 28 21 21
3369 3349 74 16 mars.

2946 3366 41 21 Un
2998 3366 222 28 pénible-accident
3230 3370 58 21 s'est
3299 3370 100 25 produit
3409 3377 54 15 mer-

2920 3393 67 21 credi
3000 3394 56 23 soir,
3069 3400 55 15 vers
3136 3395 13 20 9
3161 3396 23 20 h.
3196 3395 47 24 1/2,
3256 3401 43 15 sur
3311 3398 36 19 les
3361 3402 66 17 vo.es
3441 3398 29 20 de

2920 3425 155 17 manœuvres
3092 3422 30 20 de
3138 3422 24 20 la
3177 3427 59 20 gare
3253 3422 16 21 à
3285 3423 186 21 marchandises

2921 3446 29 20 de
2977 3447 110 25 Muysen,
3121 3448 60 25 près
3211 3449 111 20 Malines.
3348 3449 40 20 Un
3419 3455 52 24 n**^.-

2920 3478 107 18 nœuvre,
3044 3475 110 21 Armand
3170 3475 188 23 Vandenbroek,
3374 3476 27 20 30
3418 3481 53 17 ans.

2921 3500 146 21 demeurant
3079 3506 43 15 rue
3135 3502 29 20 de
3176 3502 25 19 la
3213 3502 79 24 Digue
3303 3501 18 21 à
3331 3502 111 25 Muysen,
3454 3508 17 14 a

2921 3526 38 21 été
2984 3528 94 23 surpris
3103 3529 24 19 et
3151 3527 84 21 écrasé
3260 3533 46 20 par
3331 3533 47 16 une
3401 3534 69 15 rame

2920 3554 29 20 de
2966 3558 107 20 wagons.

2947 3580 33 20 Le
2995 3581 160 20 malheureux
3169 3586 16 15 a
3198 3580 39 21 été
3251 3580 42 21 tué
3307 3586 44 16 sur
3363 3581 23 20 le
3401 3586 69 20 coup.

2919 3607 34 19 Le
2975 3608 105 23 parquet
3102 3607 29 21 de
3154 3607 127 21 Bruxelles
3304 3607 58 21 s'est
3384 3608 86 20 rendu,

2918 3632 67 25 jeudi
3002 3634 84 23 matin,
3102 3638 43 17 sur
3160 3634 34 20 les
3209 3634 66 20 lieux
3290 3634 29 20 de
3334 3634 135 20 l'accident.

3158 3667 78 19 •£•

2938 3702 59 32 Une
3024 3714 94 21 œuvre
3146 3703 141 39 syndicale
3313 3703 136 32 socialiste

2998 3759 35 20 en
3058 3747 179 38 déconfiture,
3262 3750 17 29 à
3303 3747 101 33 Binche

2934 3821 49 22 (De
3001 3822 70 21 notre
3088 3822 193 24 correspondant
3300 3822 153 25 particulier)

3173 3854 133 24 Charleroi,
3321 3855 28 19 20
3365 3859 74 15 mars.

2947 3880 53 21 Une
3028 3881 83 20 œuvré
3137 3881 128 25 syndicale
3292 3881 124 20 socialiste
3437 3879 30 21 de

2919 3907 94 21 Binche
3036 3909 41 23 qui
3103 3908 134 23 comprend
3259 3907 17 21 à
3298 3908 26 20 la
3347 3908 48 20 fois
3419 3912 47 15 une

2919 3933 85 21 Caisse
3026 3935 140 24 d'Epargne
3189 3936 25 20 et
3236 3939 48 16 une
3306 3933 160 25 Coopérative

2918 3961 59 20 s'est
2990 3960 102 22 trouvée
3107 3962 17 19 il
3137 3966 16 19 y
3167 3968 16 14 a
3196 3961 104 24 quelque
3314 3962 81 22 temps
3404 3960 62 21 dans

2918 3987 186 25 l'impossibilité
3120 3989 29 19 de
3164 3988 63 20 faire
3242 3988 56 19 face
3312 3986 17 22 à
3343 3987 43 22 des
3402 3982 65 29 paie-

2919 4018 81 16 m-snts
3025 4013 120 22 réclamés
3169 4019 46 19 par
3241 4014 42 21 des
3307 4013 159 25 épargnants.

2918 4041 54 20 Elle
2989 4047 30 15 en
3036 4041 91 20 avertit
3144 4041 23 20 le
3183 4041 105 24 parquet
3304 4041 42 23 qui
3363 4039 102 26 délégua

2917 4073 44 16 sur
2980 4068 70 24 place
3068 4068 42 21 des
3129 4068 111 19 officiers
3260 4067 29 20 de
3307 4067 79 24 police
3403 4067 53 24 judi-

2918 4094 76 20 ciaire
3012 4095 26 19 et
3055 4100 33 15 un
3106 4097 85 21 expert
3208 4094 42 24 qui
3267 4094 71 21 saisit
3356 4095 69 19 tcute
3441 4094 24 19 la

2918 4120 175 25 comptabilité.
3116 4121 50 20 Des
3188 4119 133 27 premières
3344 4120 113 20 constata-

2918 4148 72 23 tions,
3007 4148 17 22 il
3043 4147 93 20 ressort
3152 4152 47 19 que
3217 4152 41 15 ces
3275 4152 96 15 œuvres
3389 4147 67 19 socia-

2918 4175 67 20 liste:
2999 4175 59 20 sont
3073 4174 62 21 dans
3149 4179 49 14 une
3214 4173 118 20 situation
3345 4172 52 23 très
3412 4172 44 25 pré-

2918 4200 74 24 caire.
3017 4200 40 20 On
3082 4201 69 24 parle
3177 4200 56 20 d'un
3260 4200 138 23 manquant
3423 4199 42 24 qui

2917 4226 153 24 dépasserait
3086 4228 22 18 le
3124 4226 176 23 decni-million,
3315 4226 64 22 maie
3395 4226 17 20 il
3428 4227 37 18 est

2916 4253 142 26 prématuré
3079 4254 131 20 d'avancer
3228 4258 33 17 un
3282 4253 98 20 chiffre.
3398 4252 58 20 L'ex-

2917 4281 54 25 pert
2989 4281 39 19 n'a
3043 4285 45 17 pas
3106 4285 88 15 encore
3210 4281 74 19 remis
3300 4284 45 15 son
3362 4278 103 25 rapport

2916 4312 32 16 au
2966 4307 112 24 parquet.

3532 2368 158 39 BOURSE
3719 2371 51 38 DE
3800 2372 89 39 NEW
3906 2373 108 39 YORK

3745 2450 68 19 New-
3814 2451 70 23 York,
3906 2452 25 20 21
3951 2458 72 15 mars.

3743 2480 35 19 Cl.
3794 2485 35 15 pr.
3844 2482 59 19 Ouv.
3920 2479 53 23 Midi
3988 2485 60 18 c;«.t.

3493 2500 75 19 Allied
3586 2501 143 20 Chemical...
3758 2502 37 20 127
3846 2514 27 4 —
3914 2505 36 19 12S
3991 2507 35 18 128

3492 2523 124 19 American
3633 2522 48 21 Can
3759 2525 59 20 11314
3836 2527 60 19 11314
3914 2529 37 18 112
3991 2530 35 18 nj

3491 2546 79 18 Amer.
3585 2546 113 19 Radiator
3712 2560 16 7 ..
3771 2549 47 22 11%
3849 2550 47 23 u%
3926 2552 24 17 11
4002 2552 45 18 ni*

3493 2569 78 18 Amer.
3589 2568 139 24 Smelting...
3770 2571 48 18 321*.
3846 2582 27 4 —
3924 2574 48 22 32Vi
4001 2575 24 18 33

3493 2592 123 18 American
3630 2591 40 19 Tel
3684 2605 7 6 .
3700 2605 7 4 .
3717 2605 6 5 .
3759 2594 59 24 100%
3836 2596 59 18 100^4
3914 2591 58 27 lC0*rî
3989 2597 57 19 1023

3494 2615 77 17 Amer.
3590 2615 105 18 Tobacco
3713 2615 19 18 B
3771 2617 47 24 75%
3848 2613 34 24 75'
3925 2619 47 19 74**,
4002 2620 24 19 76

3494 2637 126 18 Anaconda
3638 2637 91 23 Copper
3783 2640 35 19 8"*i
3860 2641 32 19 8LV.
3936 2642 32 18 ga*
4014 2643 12 18 9

3496 2659 88 20 Atchis.
3602 2660 127 23 Top&S.F
3770 2657 35 24 39'
3846 2659 49 27 39i,i
3925 2664 25 19 39
4001 2665 26 19 40

3495 2682 96 19 Auburn
3606 2682 124 19 Automob.
3771 2686 48 22 1514
3849 2687 46 22 1514
3927 2687 23 19 «g
3995 2688 32 19 -17

3495 2705 119 18 Bethléem
3629 2705 61 19 Steel
3771 2707 48 24 23%
3847 2708 24 19 23
3925 2710 48 22 23V4
4001 2711 48 21 24H

3494 2728 84 23 Briggs
3600 2728 124 18 Manufact
3770 2730 49 25 25%
3847 2731 48 24 25%
3924 2733 49 22 2ôï{,
4002 2733 47 19 26*i

3494 2750 121 19 Canadian
3632 2751 97 19 Pacific
3783 2754 31 22 95.
3860 2748 36 29 91J
3937 2755 35 23 95^
4013 2749 36 29 gi^

3493 2773 61 19 Case
3567 2773 55 20 O...
3769 2770 50 29 *JgîJ
3847 2786 27 5 _
3924 2778 46 19 48«
4000 2779 25 18 49
4030 2781 19 16 'i.

3494 2796 110 22 Chrysler
3617 2796 111 20 Motor....
3770 2799 48 23 33i;
3848 2798 45 20 33M
3924 2800 25 19 33
4002 2801 47 19 !3"*4

3494 2819 151 18 Commercial
3662 2818 70 20 Solv..
3770 2816 49 28 18**£
3848 2823 48 23 18%
3925 2824 47 20 18'A
4001 2820 47 23 18ii

3493 2841 69 19 Cons.
3578 2841 48 19 Gas
3639 2842 27 18 of
3681 2841 50 19 N.T
3771 2845 48 22 17%
3848 2845 47 23 17%
3925 2841 47 28 17--JÎ
4001 2847 25 18 19
4028 2838 21 27 «î

3493 2864 35 18 D*i
3541 2864 59 18 Pont
3613 2864 28 19 de
3653 2864 76 20 Kern..
3770 2867 49 23 87%
3846 2868 49 23 87%
3925 2868 25 19 g9
4000 2869 49 23 S9%

3496 2887 70 19 Dôme
3589 2887 75 18 Mines
3769 2889 26 19 39
3845 2900 28 4 —
3925 2891 25 19 39
4001 2891 25 20 zo

3494 2909 97 19 f^ene'ral
3609 2910 117 19 Electric.
3770 2912 48 24 21.%
3847 2913 49 23 21%
3925 2914 48 23 21%
4002 2915 24 17 22

3493 2932 98 19 Ceneral
3606 2932 76 19 Foods
3770 2935 48 23 32%
3847 2936 47 22 33%
3924 2936 47 23 33%
4001 2938 48 21 33%

3493 2955 98 19 General
3609 2955 62 18 Mills
3769 2967 26 5 _
3845 2958 27 19 62
3923 2959 27 18 62
4000 2960 26 18 62

3493 2978 97 19 General
3607 2978 124 19 Motors....
3769 2980 25 19 28
3847 2981 47 24 27*$;
3923 2982 48 23 27%
4001 2982 48 22 28%

3495 3001 112 18 Internat.
3624 3000 108 20 Nickel...
3768 3003 49 24 22%
3845 3004 48 23 22%
3922 3004 48 23 22%
3999 3005 49 22 23%

3494 3023 129 19 Kennecott
3638 3023 90 23 Copper
3770 3026 48 24 14%
3847 3027 47 23 n%
3925 3027 47 23 14%
4001 3028 47 18 M"*.

3494 3045 112 19 Lorillard
3629 3045 106 19 Tobacco
3770 3049 24 18 19
3845 3050 50 22 13%
3925 3050 24 18 19
4001 3051 43 18 191/

3494 3068 35 19 Me
3540 3068 81 23 Intyre
3632 3068 10 7 "
3658 3068 74 19 ines...
3769 3071 49 23 44%
3846 3082 27 4 —
3923 3082 27 4 —
4002 3073 46 21 44-4

3494 3091 125 23 Montgom.
3634 3090 98 19 Ward...
3770 3094 48 23 23%
3847 3094 48 23 23%
3924 3095 14 18 2
3939 3096 8 10 r
3950 3096 22 22 %
4001 3093 63 25 24%"'

3495 3113 109 19 National
3616 3113 61 18 Dist.
3689 3113 40 19 Pr.
3770 3117 48 23 26%
3847 3117 48 24 27%
3924 3113 34 23 27'
3988 3118 73 23 '27%--

3494 3136 131 19 New-Tork
3634 3134 95 20 Central
3770 3139 48 24 12%
3847 3140 47 21 i2&r.
3925 3140 47 23 12%
4001 3139 56 24 l3Çfc*

3494 3159 109 19 Noranda
3618 3158 73 19 Mines
3706 3158 27 18 L*
3769 3162 26 18 34
3846 3172 27 5 —
3923 3173 26 4 —
3955 3156 5 6 '
4000 3155 36 26 34'

3494 3182 74 18 North
3583 3181 151 19 American...
3781 3185 37 23 ga^
3858 3185 37 23 954
3936 3186 35 18 97*.
4001 3186 24 18 31

3496 3205 141 18 Faramount
3655 3203 79 24 Puplis
3782 3208 36 23 2%
3859 3207 36 22 2%
3936 3208 36 23 S%
4013 3208 35 23 2%

3494 3227 116 23 Reynolds
3620 3226 56 19 Tob.
3687 3226 45 19 «B.
3768 3226 36 23 45'
3845 3230 48 23 44%
3923 3231 60 18 4414.
4000 3231 48 23 u%

3493 3254 113 19 Schenlev
3620 3254 113 18 Distiller»
3770 3253 48 24 25%
3846 3253 48 23 25%
3924 3249 47 28 25*!J
4000 3253 48 23 26%

3493 3277 69 19 Sears
3578 3277 110 19 Roebuck
3757 3275 48 24 34%
3838 3276 48 22 34%
3920 3276 48 23 34%
3999 3276 49 22 !â\i

3493 3299 116 19 Standard
3623 3300 109 18 Brands..
3770 3299 24 18 15
3847 3299 47 23 14%
3924 3299 46 25 14%
4000 3299 45 21 14%

3492 3322 81 19 Stand.
3588 3322 35 20 OU
3638 3323 25 18 of
3678 3322 53 19 N.-J
3768 3321 48 23 37%
3845 3321 48 23 37%
3922 3318 48 26 37*1
3998 3321 49 24 37"s

3492 3345 101 23 Sterling
3609 3345 122 19 Products.
3768 3344 49 23 62%
3845 3344 49 22 62%
3921 3344 49 21 62%
3998 3344 50 23 62%

3491 3368 76 18 Texas
3583 3368 150 24 Corporation
3770 3367 47 22 17%
3845 3377 26 4 —
3923 3367 47 23 17%
4001 3367 24 18 18

3492 3391 75 19 Union
3580 3390 90 19 Pacific
3684 3404 37 5 ...
3769 3390 25 18 86
3845 3389 50 22 86%
3923 3389 25 19 87
3991 3389 57 22 -87%

3492 3413 84 19 United
3590 3413 106 20 Aircraft
3710 3424 21 8 ..
3769 3413 48 22 11%
3847 3412 46 22 11%
3924 3412 23 18 H
4000 3412 47 22 H"i

3492 3436 63 19 Unit.
3571 3436 79 19 States
3665 3435 62 20 Steel
3768 3435 49 23 27%
3846 3435 47 23 27%
3924 3434 24 20 28
3999 3435 48 22 27%

3491 3459 129 22 Westingh.
3639 3458 93 19 F.lect...
3768 3458 48 22 34%
3845 3458 48 21 34%
3922 3458 48 21 34%
3999 3457 48 23 3-5%

3491 3481 140 19 Woolworth
3768 3481 48 22 53%
3844 3481 50 21 53%
3922 3480 47 23 51%
3998 3480 48 24 5354

3637 3511 82 19 CCRB
3734 3507 170 22 EXCIIAX'CE

3493 3534 83 19 electr.
3593 3533 64 19 Bond
3668 3534 18 18 &
3694 3533 31 19 S.*.
3781 3533 36 22 4%
3858 3533 36 22 4%
3935 3532 35 24 4%
4010 3532 36 24 5%

3653 3562 232 20 TRANSACTIONS

3491 3586 154 19 Précédentes
3752 3585 83 20 490,000

3491 3609 31 19 Co
3535 3609 59 22 jour,
3608 3609 16 18 à
3637 3609 22 18 11
3673 3608 50 19 h....
3756 3607 83 21 110.0DO

3490 3632 31 20 Ce
3533 3632 60 23 jour,
3605 3635 15 19 à
3633 3630 91 20 midi....
3756 3630 82 21 380,000

3667 3660 79 19 CALL
3760 3660 22 18 M
3786 3660 39 18 ON
3829 3659 38 19 ET

3491 3684 32 20 Ce
3536 3684 53 23 Jour
3781 3682 13 18 1
4010 3681 13 18 1

3648 3719 142 20 BROKERS
3807 3719 80 19 LOAN

3493 3753 34 17 Cn
3546 3753 175 19 augmentation
3757 3749 102 18 l.OOO.O'O

3702 3778 126 19 CHANGE

3491 3803 92 22 Dol.-C/
3598 3802 30 19 fr.
3644 3801 82 23 be'.ge..
3755 3801 58 21 21,10
3834 3800 58 22 21,40
3912 3800 58 22 21,40
3989 3800 59 22 21,42

3709 3831 116 19 COTONS

3762 3860 61 19 Clôt.
3899 3861 57 18 Avis

3748 3883 54 23 préc
3825 3882 59 20 Ouv.
3900 3883 60 18 suiv.
3976 3883 59 19 Clôt.

3490 3915 46 18 Mai
3755 3913 49 18 1072
3836 3913 48 18 1076
3918 3908 48 27 llfcS
3997 3912 50 19 1072

3488 3937 82 19 Juillet
3755 3936 49 18 1078
3835 3936 48 18 1081
3917 3935 49 19 1072
3999 3936 47 18 1075

3490 3960 98 19 Octobre
3754 3958 50 19 1040
3837 3958 48 19 1043
3918 3958 48 19 1039
3999 3958 47 18 1035

3492 3982 126 19 Décembre
3754 3981 50 19 1048
3836 3981 48 19 1052
3916 3981 48 18 1014
3998 3981 48 18 1041

3728 4014 77 19 BLES

3491 4053 45 18 Mal
3766 4050 48 23 93%
3843 4050 47 23 93%
3920 4051 48 22 94%
3995 4051 48 22 94%

3488 4076 81 19 Juillet
3766 4073 25 19 91
3842 4073 48 23 90%
3919 4073 25 19 92
3995 4073 48 23 91%

3489 4098 99 20 Octobre
3766 4096 48 23 91%
3843 4096 46 23 90%
3919 4096 48 23 92%
3995 4096 48 23 91%

3656 4126 219 20 CAOUTCHOCCS

3489 4157 63 19 Mars
3755 4156 48 18 1111
3835 4155 49 20 1102
3916 4155 50 19 1080
3997 4154 48 20 1065

3489 4181 46 19 Mai
3754 4178 49 18 1124
3836 4179 48 17 1114
3916 4178 50 19 1090
3997 4177 47 19 1075

3487 4202 89 20 Juillet.
3754 4201 50 19 1137
3835 4200 48 19 1126
3915 4200 50 19 1105
3995 4200 48 19 1032

3511 4261 75 19 Cours
3603 4263 115 17 transmi-»
3733 4264 44 19 par
3794 4259 55 19 MM.
3868 4259 65 19 E..F.
3953 4259 88 19 Hutton

3487 4285 18 18 t\
3524 4284 28 19 C"
3571 4287 24 15 et
3613 4287 68 19 reçus
3700 4287 42 19 par
3762 4282 129 19 Neidecker
3909 4283 16 17 &
3944 4281 37 20 C*.
4001 4285 38 15 ruf

3489 4306 94 20 Rovale.
3605 4306 31 19 12.
3657 4305 129 19 Bruxelles.

1759 5220 135 21 sentiment
1909 5220 29 21 dp
1957 5220 108 20 certains
2078 5219 94 20 voisins
2190 5220 28 20 1p
2232 5220 70 19 l'Alle-

1759 5250 90 19 magne
1867 5245 23 20 si
1906 5245 92 21 celle-ci
2014 5244 105 26 persiste
2136 5244 63 22 dsns
2214 5250 41 16 ses
2271 5245 30 20 de-

1759 5270 111 21 mandes.

1763 5064 50 25 vés,
1822 5060 31 25 "si
1871 5066 130 21 au-dessus
2020 5067 30 19 de
2069 5068 62 16 ceu-
2150 5065 42 24 qui
2210 5065 45 20 ont
2274 5063 40 22 été
2322 5060 5 29 j
2335 5060 35 23 <7"
2372 5060 14 16 e
2400 5053 26 33 '.<?
2441 5052 156 30 population
2613 5053 33 23 île
2661 5054 26 23 la
2703 5052 63 24 ville
2780 5053 35 23 de
2829 5053 51 22 D_

1762 5090 118 26 suggérés
1895 5092 17 19 il
1926 5096 18 20 y
1957 5096 16 16 a
1988 5091 81 20 moins
2084 5090 57 24 d'un
2156 5096 33 15 an
2205 5092 26 19 et
2246 5091 67 21 telle-
2345 5086 114 23 au.siege
2469 5080 47 23 des
2524 5080 133 28 fameuses
2666 5085 91 19 mines
2766 5086 17 16 a
2793 5085 95 19 notons

1762 5118 69 20 mect
1844 5117 141 25 supérieurs
1997 5116 17 22 à
2028 5116 55 22 tout
2097 5120 28 17 ce
2140 5121 46 20 que
2201 5117 112 21 pourrait
2333 5112 104 23 JunA-er
2457 5119 15 16 <
2491 5112 62 24 s'est
2573 5117 105 21 accrue,
2701 5118 34 17 au
2757 5118 79 17 cours
2857 5111 34 23 dc

1762 5142 116 26 posséder
1894 5149 96 15 aucune
2006 5143 130 21 puissance
2154 5143 160 23 occidentale.
2322 5135 5 26 !
2335 5141 53 23 l'an
2410 5141 110 24 dernier
2541 5141 34 23 de
2599 5140 89 26 13,000
2711 5140 135 25 habitants
2868 5147 34 16 î.i

1763 5174 47 19 que
1827 5169 47 20 l'on
1892 5171 37 19 est
1946 5175 30 15 en
1994 5169 65 21 droit
2076 5168 29 20 de
2124 5168 87 22 douter
2226 5174 88 20 grave-
2322 5166 5 36 j
2334 5171 66 24 .Vais
2419 5172 91 22 autant
2529 5177 33 16 en
2582 5171 119 28 emporte
2722 5171 24 23 le
2766 5170 69 23 vent.
2855 5163 47 29 Lel

1760 5195 70 19 ment
1853 5194 30 20 de
1907 5195 25 20 la
1954 5192 137 27 possibilité
2115 5193 15 20 d
2138 5195 97 20 obt'r.ir
2257 5194 55 20 l'as-
2335 5200 111 24 Cabinet
2465 5199 170 30 britannique
2653 5201 40 22 est
2708 5200 34 23 de
2759 5197 144 32 composi-l

2335 5230 57 23 tion
2412 5229 53 24 très
2485 5228 91 25 mêlée.
2594 5229 30 24 Si
2643 5228 133 30 plusieurs
2794 5228 35 23 de
2849 5234 41 17 >es

2335 5259 127 24 éléments
2479 5259 62 23 sont
2558 5258 53 23 très
2628 5258 61 24 sûrs
2706 5258 34 23 de
2757 5258 59 23 leur
2831 5258 59 29 fait,

2335 5288 134 30 plusieurs
2493 5288 26 23 le
2543 5283 62 28 sorti
2630 5287 138 29 beaucoup
2793 5286 96 24 moins.

2333 5316 46 25 Sir
2394 5317 72 24 John
2484 5317 93 24 Simon
2596 5316 63 24 était
2676 5318 37 23 du
2731 5316 110 24 Cabinet
2860 5315 20 22 li-

2335 5346 75 24 béral
2426 5346 34 24 de
2477 5346 66 23 191i
2561 5347 25 23 et
2605 5345 24 25 le
2645 5345 17 24 2
2680 5345 63 23 août
2760 5346 20 23 il
2797 5345 41 29 [ut
2855 5346 35 22 de

2336 5381 75 19 ceux,
2425 5381 65 17 avec
2503 5375 72 23 John
2589 5374 86 24 Burns
2689 5376 25 22 et
2728 5374 102 30 Morley
2844 5374 46 29 qui

2335 5404 166 30 préférèrent
2520 5404 99 29 quitter
2634 5405 25 23 le
2674 5404 115 29 pouvoir
2804 5403 86 30 plutôt

2334 5441 51 22 que
2398 5436 34 23 de
2444 5434 137 27 s'engager
2592 5435 67 23 dans
2673 5433 26 24 la
2712 5433 122 24 décision
2848 5440 31 17 su-

2333 5463 93 30 prême
2445 5463 63 24 d'où
2528 5463 146 29 dépendait
2694 5463 141 23 l'honneur
2856 5462 33 23 de

2334 5492 181 31 l'Angleterre.
2552 5493 71 23 D'ici
2641 5499 36 17 un
2696 5499 35 16 an
2749 5492 20 23 il
2789 5498 18 23 y
2824 5497 66 17 aura

2338 5521 47 24 des
2407 5520 136 28 élections,
2566 5523 25 22 et
2613 5521 26 23 la
2659 5520 119 30 position
2789 5515 6 6 '
2802 5520 75 30 parle-

2335 5550 130 24 mentaire
2489 5551 35 23 de
2547 5550 71 24 John
2643 5550 93 23 Simon
2761 5551 39 22 est
2827 5549 62 24 bien

1798 5326 37 47 la
1858 5337 108 40 tresse
1986 5326 134 54 anglaise
2141 5330 136 50 regrette

1820 5401 58 45 que
1897 5392 30 45 ia
1942 5390 110 47 France
2067 5391 84 45 fasse
2167 5392 88 55 appel

1892 5456 19 45 à
1930 5456 31 46 la
1982 5457 28 44 S.
2034 5456 32 45 D.
2088 5455 94 47 N.!...

2011 5546 131 29 Londres,
2155 5548 31 24 iî
2201 5554 80 18 mars.

1791 5577 37 24 Le
1842 5577 153 24 chancelier
2008 5577 87 23 Hitler
2107 5578 59 23 doit
2178 5585 29 17 se
2219 5578 97 29 frotter
2333 5580 92 30 faible.
2441 5580 66 29 Déjà
2522 5579 21 25 il
2559 5580 69 24 évite
2645 5579 135 25 lui-même
2796 5578 95 25 d'aller

1760 5606 38 24 les
1817 5607 86 24 mains
1925 5608 89 29 quand
2034 5606 21 23 il
2074 5606 31 24 lit
2125 5606 39 24 les
2181 5607 135 29 journaux
2322 5610 5 24 ;
2335 5611 17 23 *j
2371 5609 85 25 Paris.
2477 5610 24 24 Il
2521 5616 17 17 a
2557 5610 17 23 à
2595 5615 29 17 se
2644 5609 131 28 défendre
2797 5609 93 23 contre

1759 5637 34 25 de
1808 5637 128 23 Londres.
1950 5636 67 24 Hier
2031 5636 21 24 il
2066 5635 72 24 avait
2151 5636 80 24 laissé
2246 5636 68 29 faire
2322 5641 5 26 j
2334 5641 58 22 tant
2409 5639 149 24 d'ennemis
2577 5639 16 23 à
2610 5638 128 24 Londres.
2756 5637 48 24 S'il
2823 5643 33 17 va
2874 5637 17 23 à

1760 5667 93 22 contre
1870 5667 39 23 lui
1927 5664 167 25 l'unanimité
2109 5664 207 30 franco-anglai-
2332 5668 92 24 Berlin
2435 5674 32 18 ce
2476 5675 62 18 sera
2547 5674 48 17 sur
2606 5668 26 23 la
2643 5667 91 29 pointe
2745 5666 48 24 des
2804 5665 85 31 pieds,

1758 5702 39 17 se.
1814 5695 177 30 Aujourd'hui
2008 5702 51 16 son
2077 5702 15 16 <
2110 5694 69 30 bluff
2196 5703 13 14 >
2228 5702 35 16 _/i
2284 5696 30 22 76'
2322 5702 4 23 j
2366 5698 34 23 Et
2420 5698 27 24 là
2466 5704 35 17 on
2521 5699 60 21 sent
2600 5696 63 24 bien
2683 5697 34 23 de
2738 5695 62 30 quel
2818 5695 71 24 train

1760 5731 70 19 mars
1844 5732 18 16 a
1874 5725 25 24 si
1913 5725 62 24 bien
1988 5725 51 29 fait
2053 5730 50 23 que
2116 5724 77 25 Paris
2207 5726 27 21 et
2246 5724 69 23 Lan-
2321 5748 6 9 1
2336 5728 65 23 vont
2422 5726 38 25 les
2481 5727 103 24 choses.
2606 5725 66 30 Déjà
2693 5726 25 23 le
2740 5727 46 22 Ion
2808 5725 34 24 de
2864 5725 26 22 la

1759 5754 62 24 dres
1833 5762 34 17 en
1878 5755 61 24 sont
1950 5755 17 24 à
1977 5760 30 19 se
2018 5754 121 28 disputer
2151 5748 176 29 amèrement]
2333 5763 93 24 presse
2448 5755 163 24 hitlérienne
2641 5755 62 24 s'est
2734 5753 156 29 singulière-

1760 5789 47 18 sur
1819 5784 26 23 la
1855 5785 88 22 moins
1954 5782 136 25 mauvaise
2101 5782 119 25 manière
2231 5783 35 24 de
2277 5778 131 40 lui\ment
2421 5784 99 25 adouci
2532 5784 119 25 vis-à-vis
2664 5785 34 23 de
2709 5783 17 23 r
2727 5782 162 31 Angleterre,

1760 5812 143 31 répondre.
1918 5813 67 30 Déjà
2017 5812 152 25 l'intention
2203 5813 35 24 de
2271 5813 45 24 Sir
2321 5807 40 43 jet
2375 5816 27 24 la
2416 5814 184 25 Chancellerie
2614 5815 35 23 de
2663 5815 34 22 M.
2710 5813 95 27 Hitler,
2820 5818 70 24 pour

1758 5843 72 23 John
1845 5843 100 26 Simon,
1955 5842 96 24 d'aller
2066 5842 17 23 à
2099 5842 91 24 Berlin
2206 5843 57 24 font
2280 5841 35 24 de
2321 5836 6 28 !
2334 5844 27 24 la
2376 5843 140 30 réception
2531 5843 35 24 de
2580 5842 46 25 Sir
2639 5843 72 23 John
2727 5842 102 28 Simon,
2844 5841 36 25 dé-

1759 5870 86 28 mente
1865 5871 179 30 apparaissait
2066 5878 103 18 comme
2191 5878 36 18 an
2248 5878 48 18 ave
2298 5865 29 38 u\
2336 5875 71 23 vient
2424 5881 34 16 un
2474 5874 67 25 beau
2557 5872 61 27 bloc
2632 5872 131 30 enfariné.

2990 5284 91 24 POUR
3098 5284 62 24 LES
3177 5284 153 23 EXFAXTS
3347 5283 64 24 DES
3430 5283 180 24 CHOMEURS
3641 5283 47 24 DU
3719 5283 177 24 BORIXAGE.
3925 5296 35 7 —
3987 5282 39 24 La

2921 5313 103 24 Maison
3042 5314 48 24 des
3105 5312 135 27 Invalides
3256 5313 131 30 organisi,
3404 5319 68 17 nous
3495 5313 101 24 l'avons
3615 5312 61 29 déjà
3693 5312 48 27 dit,
3759 5319 34 17 au
3810 5313 84 29 profit
3914 5319 47 17 aes
3980 5319 32 17 en-

2920 5342 72 29 fants
3018 5342 47 24 des
3088 5343 142 23 chômeurs
3254 5342 36 24 du
3312 5342 141 29 Borinage,
3479 5348 51 17 une
3558 5341 115 24 matinée
3702 5341 33 24 de
3763 5342 61 29 gala
3849 5349 34 16 au
3915 5341 112 24 Théâtre

2925 5372 47 24 des
2992 5371 125 29 Galeries,
3134 5371 25 24 le
3176 5372 15 23 6
3208 5371 69 26 avril
3296 5371 141 30 prochain.
3453 5370 42 25 La
3512 5371 104 23 section
3635 5370 167 30 dramatique
3822 5371 34 25 de
3878 5372 26 23 la
3921 5372 95 23 Protec-

2924 5400 58 24 tion
3000 5408 18 22 y
3037 5400 178 30 interprétera
3232 5400 26 24 la
3275 5400 150 30 spirituelle
3444 5406 104 18 revue:
3576 5399 123 24 Ouvrons
3725 5400 124 30 l'HeyscI,
3877 5401 52 23 due
3957 5401 17 23 à
4001 5400 26 24 la

2923 5430 90 29 plume
3033 5430 82 23 alerte
3132 5431 33 22 de
3182 5430 34 23 M.
3232 5430 100 23 Marcel
3350 5429 124 24 Antoine.

2988 5459 37 25 Le
3047 5459 97 24 comité
3167 5459 185 29 organisateur
3372 5459 63 23 s'est
3456 5457 96 25 assuré
3585 5459 27 24 la
3643 5458 193 31 participation
3870 5459 36 25 du
3939 5458 88 29 cerc.le

2927 5488 95 24 choral
3046 5488 115 28 Fidelio,
3187 5489 34 24 de
3247 5488 126 27 Wasmes,
3397 5487 104 25 lauréat
3533 5486 37 24 du
3600 5494 133 18 concours
3764 5488 192 26 international
3988 5488 34 24 de

2924 5517 137 24 Bruxelles
3078 5518 34 23 de
3130 5518 74 27 1931,
3222 5524 34 17 en
3274 5517 134 31 première
3426 5516 128 25 division.
3568 5517 106 24 Fidelio
3689 5520 106 27 compte
3810 5519 49 24 110
3874 5517 151 28 chmteurs,

2924 5547 47 29 qui
2989 5554 29 16 se
3037 5547 186 29 présenteront
3244 5554 34 16 en
3297 5548 120 23 costume
3438 5546 34 23 de
3490 5545 107 25 mineur
3615 5548 25 22 et
3658 5547 209 30 interpréteront
3887 5549 85 22 t'ntre'
3980 5554 34 17 au-

2924 5578 54 22 tres
2998 5576 24 25 le
3042 5576 104 26 célèbre
3166 5577 95 23 chœur
3279 5577 33 24 de
3330 5576 67 30 Riga
3408 5582 9 17 :
3436 5576 146 28 Germinal,
3604 5576 34 23 où
3659 5583 30 18 se
3712 5577 110 25 déroule
3843 5577 80 23 d'une
3943 5577 81 30 façon

2923 5605 154 31 poignante,
3098 5607 24 23 le
3142 5606 68 23 rude
3231 5606 93 24 labeur
3344 5606 35 23 du
3400 5605 116 24 mineur.

2989 5634 52 25 Nul
3059 5636 80 24 doute
3156 5642 51 22 que
3223 5635 107 24 suivant
3349 5641 32 17 en
3398 5635 59 24 cela
3477 5634 138 31 l'exemple
3635 5642 51 23 que
3703 5642 68 17 nous
3790 5636 90 24 donne
3898 5636 26 24 .'a
3942 5636 84 24 Reine

2920 5664 99 27 Astrid,
3041 5671 37 17 un
3098 5664 93 31 public
3214 5665 149 23 nombreux
3383 5671 35 17 ne
3440 5672 30 17 se
3488 5671 93 23 presse
3601 5665 17 23 à
3639 5666 68 23 cette
3730 5665 68 24 belle
3821 5663 216 33 manifislàlioitf

2924 5693 68 24 d'art
3010 5695 24 22 et
3051 5694 34 24 de
3102 5694 112 24 charité.

2988 5723 67 23 Prix
3073 5724 48 23 des
3139 5723 91 30 plcce:
3241 5730 11 17 :
3270 5723 34 24 de
3322 5723 17 24 5
3358 5725 17 22 à
3394 5724 33 24 30
3445 5724 104 30 francs.
3995 5742 5 3 .
4018 5742 5 4 .

2989 5753 124 23 Bureaux
3130 5753 34 23 de
3183 5752 138 24 location:
3340 5755 17 22 à
3374 5754 27 24 la
3419 5761 15 15 *
3449 5752 98 26 Nation
3571 5752 79 30 Belge
3658 5761 22 19 t,
3703 5754 40 26 50,
3765 5752 78 32 place
3866 5754 34 24 d"
3923 5755 87 25 Brouc-

2921 5781 72 25 kère.
3009 5782 53 24 Tél.
3077 5788 11 17 :
3102 5782 122 27 12.51.00,
3238 5782 34 24 de
3284 5783 17 22 9
3314 5782 28 25 h.
3355 5783 16 23 à
3385 5783 31 23 IS
3432 5783 25 23 h.
3474 5783 26 22 et
3516 5782 33 24 de
3566 5782 32 24 li
3616 5783 27 24 h.
3659 5784 17 23 à
3692 5783 32 24 18
3739 5783 28 25 h.
3783 5796 35 6 —
3833 5783 40 26 Au
3890 5784 106 25 Hasard
4015 5791 10 18 :

2921 5811 41 27 47,
2978 5818 47 18 rue
3043 5812 48 23 des
3105 5810 130 31 Fripiers.
3253 5811 54 25 Tél.
3326 5818 10 18 :
3352 5812 122 26 12,88.65.
3488 5825 36 5 —
3553 5812 22 24 A
3607 5812 28 24 la
3666 5812 109 25 Maison,
3802 5812 47 27 des
3882 5813 144 27 Invalides,

2922 5841 95 27 12HA,
3033 5841 127 24 chaussée
3175 5841 33 24 de
3223 5840 103 27 Wavre.
3340 5841 55 26 TéU
3409 5848 12 20 ;
3433 5841 123 28 33.53.71.
3576 5855 37 7 —
3630 5842 43 25 Au
3694 5841 114 27 Théâtre
3830 5843 48 25 des
3901 5843 126 26 Galeries.

2924 5870 55 25 TéL
2994 5877 11 18 :
3019 5869 125 30 12M.07,
3433 5868 109 9 -*.-__.
3547 5869 8 7 =
3562 5872 64 5 __-

4268 5950 10 35 |

241 6134 69 7 ___
