3998 5588
1725 95 122 22 NATTON
1861 95 110 24 BELGE,
1986 98 24 19 II
2027 96 96 23 AVRIL
2136 95 59 21 1033.

63 186 184 47 Maux
262 186 74 47 de
348 187 157 46 tête..

67 914 15 15 t.
95 905 150 23 ASPIRINE
273 913 121 20 provoque

66 939 46 16 une
133 932 114 23 meilleure
267 932 126 23 circulation

65 958 33 24 du
116 966 56 21 sang
190 961 24 21 et
232 961 87 26 permet
338 961 55 20 ainsi

67 985 6 6 '
80 993 7 16 i
95 985 114 23 dilatation
217 986 43 22 des
270 986 50 33 plus
328 988 65 25 petits

81 1014 102 21 aisseaux
198 1020 114 21 sanguins.
324 1014 34 21 De
373 1013 19 23 là

100 1048 3 13 ;
116 1040 95 28 qualités
225 1040 167 28 remarquables

65 1090 6 6 ,
82 1073 41 17 our
143 1068 90 26 apaiser
260 1068 75 21 même
359 1068 33 21 les

64 1093 50 29 plus
128 1094 70 22 fortes
212 1094 114 23 douleurs.

598 171 132 20 tervention
748 176 15 15 a
779 171 22 19 le
816 169 84 21 mérite
915 168 73 20 d'être
1003 169 121 23 beaucoup

598 196 76 20 moins
691 195 147 20 fastidieuse.
857 194 32 20 Et
904 194 59 24 puis,
981 193 31 19 M.
1029 194 96 19 Wlnan-

598 221 30 23 dy
643 225 29 15 ne
686 220 57 19 s'est
756 224 44 19 pas
814 219 75 24 plaint
904 219 28 19 de
948 218 80 19 devoir
1041 223 83 19 passer

598 246 22 18 lu
636 245 51 19 nuit
702 244 16 19 à
733 245 129 18 Bruxelles.

624 270 36 19 On
677 269 87 19 entend
781 269 90 19 ensuite
886 267 31 20 M.
931 267 193 20 DELACOLET-

597 294 40 19 TE
650 294 41 23 qui
707 294 72 23 parle,
794 294 56 19 c'est
863 291 118 21 lui-même
996 292 41 24 qui
1050 292 64 20 l'indi-

596 324 51 18 que,
662 325 11 12 «
688 322 28 15 en
730 318 61 23 style
805 317 176 23 télégraphique
996 323 19 13 ».

624 344 31 19 M.
674 343 167 19 DELATTRE
861 341 88 24 répond
968 340 16 20 à
1003 341 120 24 quelques-

598 373 57 14 unes
671 368 40 19 des
727 367 162 19 observations
905 367 40 22 qui
964 368 42 17 ont
1023 366 37 20 été
1076 367 38 18 for-

596 391 95 20 mulées.

623 417 48 19 Ouf
690 416 5 19 !
713 416 61 19 C'est
790 416 51 18 fini.
856 415 34 19 La
907 415 138 21 fastidieuse
1063 415 60 20 série

597 446 28 15 ae
639 441 106 20 discours
760 440 168 20 électorallstes
942 443 36 17 est
994 441 68 19 close.
1078 440 45 19 Les

596 467 83 22 quatre
695 464 97 25 députés
807 469 84 14 encore
905 464 107 24 présents
1030 468 42 17 (un
1087 469 26 14 so-

596 491 97 20 cialiste,
709 490 57 19 tro's
781 489 157 23 catholiques)
961 490 113 23 adoptent
1090 490 33 18 les

597 515 101 19 articles.
720 515 64 18 Nous
806 514 84 19 allions
913 514 90 19 oublier
1025 514 30 20 M.
1076 514 47 19 Gli-

597 544 65 17 neur,
678 539 39 23 qui
734 537 135 25 représente
886 538 154 24 l'opposition.

622 565 78 22 Ayant
718 563 20 19 si
755 563 53 19 bien
828 576 9 5 -
855 563 108 20 travaillé
980 570 18 16 »,
1016 565 20 18 le
1053 563 60 19 «Par-

595 589 87 19 lement
695 593 12 13 »
721 592 25 15 se
759 586 90 25 sépare.
865 588 20 20 Il
899 590 36 18 est
947 589 24 18 11
986 588 22 19 h.
1020 588 27 19 43
1061 592 51 14 com-

594 617 38 14 me
647 617 60 19 pour
721 613 23 18 la
761 611 86 20 séance
863 613 28 19 de
907 613 23 18 la
945 613 87 19 veille...
1048 612 30 20 Et
1094 617 27 14 ce

595 637 58 24 petit
665 637 104 19 exercice
780 641 190 16 recommencera
981 637 78 19 tantôt
1069 636 15 20 à
1096 636 26 19 10

595 662 91 19 heures.

679 714 65 31 DANS
760 711 90 35 L'ETAT
865 715 30 31 DE
911 714 124 33 MICHIGAN

61 1163 67 19 Exigez
145 1163 121 22 l'emballage
282 1164 92 22 d'origine
391 1166 73 19 portant
480 1166 17 16 la
513 1166 51 16 croix

60 1183 70 17 BAYtR
139 1185 19 16 et
166 1184 48 17 muni
223 1184 25 17 du
259 1185 66 17 timbre
333 1186 25 16 de
369 1185 18 17 la
395 1186 170 21 Réglementation.

59 1203 51 18 Tuba
117 1204 27 17 de
149 1205 21 16 30
175 1203 67 23 Çomp.
248 1205 29 17 frs.
283 1207 31 18 9.-,
319 1205 51 17 Emb.
376 1207 46 20 petit
427 1206 51 17 mod.
484 1207 30 17 frs.
519 1207 43 21 3,50.

44 1247 5 9 ■
56 1239 493 23 ♦■»♦■»»♦♦»♦♦»<«♦

11 1275 8 25 I
43 1282 39 15 me
101 1274 170 27 impassibilité,
289 1280 33 15 un
340 1274 105 20 discours
476 1273 28 19 de
538 1272 32 19 M.

11 1294 20 30 !\
42 1300 280 23 VANOPDENBOSCH.

31 1326 4 20 !
70 1326 32 20 M.
119 1325 144 20 VERGELS
280 1324 60 20 n'est
357 1328 43 19 pas
417 1322 106 21 satisfait
541 1321 28 20 de

11 1350 21 21 il
41 1351 27 20 la
79 1350 71 24 façon
162 1349 145 24 ultrarapide
320 1349 58 19 dont
390 1353 30 14 on
434 1348 90 19 discute
535 1347 34 19 les

11 1367 21 35 ij
42 1374 109 24 budgets.

69 1409 29 5 —
112 1399 37 20 On
165 1397 124 21 discrédite
307 1398 22 19 le
345 1396 142 21 Parlement,
503 1395 67 22 dit-il,

11 1418 13 23 1
42 1427 33 17 en
87 1423 121 20 discutant
220 1427 33 15 un
265 1422 88 24 budget
366 1427 30 14 cn
408 1426 33 15 un
452 1421 54 23 jour
523 1420 6 20 !

70 1447 58 20 Cela
140 1447 41 22 dit,
195 1448 17 19 11
225 1446 101 21 réclame
340 1447 24 19 la
376 1446 140 23 liquidation
529 1445 41 19 des

15 1482 4 3 ■
42 1472 89 24 primes
145 1471 15 20 à
173 1473 24 18 la
213 1471 167 20 construction.
395 1471 63 19 Elles
472 1471 55 19 sont
542 1470 27 19 de

11 1505 5 5 -
12 1493 6 11 1
43 1496 86 20 nature
144 1495 16 20 à
174 1496 117 19 favoriser
306 1496 23 19 la
344 1496 59 19 mise
417 1500 30 14 en
462 1495 109 19 chantier

43 1521 168 23 d/habYations
227 1520 15 20 à
258 1521 47 18 bon
321 1519 103 22 marché,
440 1521 24 18 la
480 1519 81 23 résorp-

42 1545 52 20 tion
107 1545 31 19 du
152 1544 113 25 chômage
278 1547 24 18 et
314 1544 16 20 à
342 1545 67 19 aider
421 1545 34 19 les
467 1544 102 19 familles

11 1574 9 16 s
42 1569 162 20 nombreuses.

70 1600 140 24 S'occupant
226 1600 31 20 du
272 1600 85 20 travail
375 1600 41 19 des
432 1600 106 22 femmes,
554 1600 15 19 il

43 1624 98 21 affirme
154 1625 55 24 qu'il
222 1629 29 16 ne
264 1626 60 20 croit
336 1630 43 19 pas
392 1625 81 23 porter
485 1625 75 19 attein-

43 1650 25 19 te
83 1654 32 15 au
131 1649 63 21 droit
209 1649 108 23 féminin,
333 1650 61 19 mais
412 1650 17 19 il
444 1648 88 21 félicite
549 1648 20 20 le

42 1673 110 20 ministre
173 1674 28 19 de
220 1679 28 14 sa
270 1673 129 21 résolution
426 1673 144 24 d'appliquer

42 1697 95 20 l'arrêté
156 1699 181 23 contingentant
355 1699 21 19 le
409 1698 86 20 travail
529 1697 40 20 des

42 1722 102 20 femmes
157 1723 60 19 dans
230 1724 35 18 les
279 1723 149 23 entreprises.

69 1746 75 20 Enfin
156 1747 112 20 l'orateur
279 1748 50 23 prie
340 1748 21 19 le
374 1747 108 20 ministre
495 1747 27 19 de
535 1746 25 20 ré-

43 1771 86 20 soudre
144 1776 31 14 au
190 1772 52 23 plus
257 1771 37 21 tôt
309 1773 22 18 le
344 1772 66 23 litige
424 1772 39 23 qui
477 1776 15 15 a
508 1776 53 15 ame-

41 1795 32 20 né
87 1799 47 16 une
150 1796 144 23 importante
309 1796 87 20 société
411 1795 15 21 à
441 1796 128 24 suspendre

42 1820 24 20 la
77 1820 121 23 paiement
212 1821 41 19 des
265 1821 138 20 allocations
417 1821 125 19 familiales
555 1820 16 20 à

43 1848 44 15 son
104 1845 133 23 personnel.

66 1875 32 20 M.
108 1875 148 21 GOFFATJX
267 1881 26 15 se
304 1876 76 24 plaint
391 1877 41 19 des
443 1876 128 20 nombreux

42 1901 184 22 manquements
247 1906 48 14 aux
316 1902 44 18 lois
381 1902 100 19 sociales
515 1902 56 23 qu'il

43 1925 109 19 constate
172 1925 59 20 dans
252 1926 21 18 le
294 1926 170 24 Luxembourg.
483 1926 86 19 t"!ause:

43 1948 128 24 ignorance
185 1949 41 21 des
240 1950 44 20 lois
296 1951 108 23 sociales;
419 1950 104 20 contrôle
538 1951 24 19 in-

42 1973 123 20 suffisant.

68 1997 22 20 U
105 1998 113 19 remercie
230 1999 22 19 le
265 1999 109 20 ministre
387 2000 29 19 de
429 2005 27 14 sa
468 1999 94 21 déclara-

42 2021 52 21 tion
109 2023 75 22 quant
200 2022 16 20 à
233 2024 24 19 la
273 2024 90 23 reprise
381 2025 41 19 des
438 2025 88 20 caisses
543 2025 28 19 de

14 2066 6 4 .
43 2045 122 25 chômage,
183 2047 105 20 dénonce
305 2050 33 18 les
356 2053 94 15 accrocs
466 2048 15 20 à
499 2050 23 19 la
539 2050 32 19 loi

43 2070 42 20 des
97 2071 54 19 huit
166 2072 85 21 heures
267 2075 24 18 et
306 2074 71 19 attire
391 2074 133 20 l'attention
540 2074 31 19 du

42 2095 110 20 ministre
170 2101 42 14 sur
230 2098 23 18 la
273 2098 115 19 situation
406 2098 40 20 des
464 2099 107 19 victimes

42 2119 81 24 belges
145 2120 32 19 du
196 2122 87 19 travail
317 2122 106 21 résidant
457 2123 59 19 dans
549 2123 22 19 le

43 2144 174 20 Grand-Duché
236 2146 28 19 de
279 2147 171 24 Luxembourg.

70 2168 77 20 Faute
166 2169 110 21 d'accord
294 2170 16 20 à
329 2176 26 15 ce
374 2172 69 23 sujet,
462 2172 23 19 la
503 2173 67 18 rente

44 2193 42 19 des
100 2194 136 20 accidentés
251 2200 29 14 ne
295 2201 54 14 ssra
364 2201 43 19 pas
424 2196 120 20 valorisée.

70 2217 38 20 On
123 2219 88 19 entend
228 2219 57 21 MM.
301 2221 125 19 BUTAYE
456 2222 24 18 et
510 2222 61 19 GLI-

42 2241 96 24 NEUR,
151 2244 54 23 puis
221 2244 32 20 M.
267 2245 81 19 VAES
363 2244 97 25 prétend
475 2251 44 19 que
537 2247 33 18 les

41 2266 46 21 lois
97 2267 99 20 sociales
206 2272 30 15 ne
247 2270 54 19 sont
312 2274 42 19 pas
367 2269 133 25 appliquées
512 2270 59 20 dans

43 2291 23 20 le
79 2291 136 24 Limbourg.
228 2293 51 19 Une
293 2293 100 24 enquête
405 2300 16 14 a
434 2294 36 20 été
483 2295 58 19 faite
555 2295 15 20 à

44 2320 28 15 ce
88 2320 86 19 propos
191 2322 58 14 avec
265 2318 21 19 le
307 2323 113 16 concours
438 2319 40 20 des
495 2320 67 24 syndi-

44 2341 60 19 cats.

70 2364 22 20 H
107 2365 37 20 est
159 2365 27 20 10
202 2366 23 20 h.
242 2367 26 19 40
288 2368 80 23 quand
385 2368 31 20 M.
431 2369 62 19 Vaes
510 2374 29 15 en
556 2374 16 15 a

8 2397 13 8 »
43 2388 53 22 fini.

30 2420 11 20 I
70 2421 23 20 A
106 2426 26 15 ce
145 2423 108 19 moment
268 2423 16 19 il
301 2425 63 19 reste
380 2430 30 14 en
425 2424 90 24 séance,
530 2430 42 15 sur

44 2445 40 20 187
98 2445 104 25 députés,
218 2447 31 19 M.
267 2448 138 20 Mundeleer
419 2451 39 22 qui
473 2450 99 24 préside,

27 2483 7 12 :
44 2470 33 20 M.
87 2470 114 24 Delattre,
213 2472 56 20 bien
281 2473 77 24 obligé
373 2471 28 23 de
415 2475 75 19 rester
501 2475 16 20 à
529 2480 43 15 son

44 2495 68 22 banc,
129 2495 31 22 M.
175 2496 120 24 Duchène,
313 2498 86 24 député
415 2500 116 20 socialiste
548 2501 24 19 et

44 2519 32 20 M.
86 2520 153 25 Delacolette,
253 2522 256 22 démocrate-chrétien.
511 2525 61 20 C'est

45 2545 63 20 cette
126 2545 105 22 comédie
249 2547 130 23 saumâtre,
396 2554 60 19 pour
473 2550 99 23 laquelle

8 2573 18 16 K
45 2575 32 14 on
94 2571 106 20 mobilise
221 2572 54 19 tout
293 2573 21 19 le
333 2574 125 22 personnel
490 2575 29 19 de
549 2575 23 19 la

8 2591 16 31 \f
45 2595 123 23 Chambre,
181 2601 45 18 que
240 2597 46 19 l'on
299 2599 91 22 appelle
402 2599 118 20 l'exercice
532 2600 40 19 des

44 2619 162 26 prérogatives
224 2623 204 23 parlementaires.
444 2624 66 20 Nous
540 2625 23 19 di-

45 2649 56 16 sons
112 2645 53 25 plus
178 2646 60 20 haut
251 2652 45 18 que
308 2648 21 18 le
342 2648 137 21 Parlement
490 2654 25 15 se
527 2650 37 19 sui-

45 2670 59 20 cide.
115 2670 37 20 En
162 2670 77 20 même
251 2672 77 23 temps
341 2673 15 19 il
369 2678 25 14 se
408 2678 85 15 couvre
505 2674 28 20 de
543 2675 22 18 ri-

46 2695 76 20 dicule
137 2695 25 20 et
176 2696 63 23 c'est,
254 2697 29 18 de
298 2697 76 19 l'aveu
390 2698 28 20 de
432 2699 98 20 nombre
545 2699 28 19 de

46 2724 39 15 ses
95 2720 126 23 partisans,
233 2722 21 18 le
265 2722 78 19 moins
356 2727 45 18 que
411 2723 46 19 l'on
470 2728 30 14 en
512 2724 54 23 puis-

45 2749 27 14 se
86 2744 58 20 dire.

73 2769 26 20 Si
112 2769 47 20 l'on
175 2774 30 15 en
221 2770 93 20 doutait
329 2771 33 20 M.
378 2772 153 20 DUCHENE
549 2777 26 15 se

45 2793 136 24 chargerait
192 2795 28 19 de
231 2796 21 19 le
267 2794 143 22 démontrer.

33 2813 9 25 I
50 2824 5 3 '
72 2818 21 20 H
104 2818 59 21 était
173 2820 84 20 inscrit
268 2820 21 20 '.i
301 2820 133 24 cinquième
446 2826 43 15 sur
501 2822 22 19 la
536 2822 30 20 lis-

46 2842 26 21 te
85 2843 41 19 des
139 2849 12 13 c
163 2845 107 19 orateurs
285 2850 19 17 :>,
318 2846 62 19 mais
395 2851 29 14 on
439 2852 14 13 a
468 2853 11 12 c
493 2852 73 14 arran-

47 2867 30 24 gé
89 2868 24 20 la
124 2869 53 19 liste
191 2875 19 17 »,
224 2870 54 18 tant
291 2871 24 19 et
328 2871 20 19 si
364 2870 55 20 bien
433 2876 46 18 que
493 2872 21 19 le
529 2872 37 19 dic-

47 2893 81 20 tateur
138 2892 121 25 dégommé
270 2895 29 19 de
310 2895 111 20 Verviers
433 2901 15 14 a
460 2895 31 20 dû
503 2901 24 15 se
541 2896 35 20 ré-

21 2930 4 3 -
47 2918 80 23 signer
140 2917 16 20 à
172 2919 115 20 attendre.
302 2919 36 19 On
354 2920 93 23 conçoit
463 2921 112 23 qu'ayant

48 2942 99 20 attendu
159 2943 83 24 jusque
255 2943 54 25 près
324 2945 28 19 de
368 2945 26 19 11
406 2946 24 19 h.
443 2945 32 20 du
490 2946 55 21 soir,
559 2947 16 19 il

46 2971 19 20 y
75 2968 35 20 ait
122 2967 70 21 laissé
206 2973 32 14 un
251 2974 46 19 peu
312 2969 28 19 de
354 2974 29 15 sa
395 2970 113 24 placidité
520 2971 54 19 bien

47 2996 112 18 connue...
174 2993 70 20 Aussi
263 2995 181 20 commence-t-il
462 3000 45 19 par
523 3001 45 18 pro-

47 3017 76 19 tester
131 3022 71 20 parce
211 3018 55 24 qu'il
276 3019 66 23 parle
354 3020 21 18 si
386 3020 74 20 tard...
472 3020 31 20 Ce
515 3021 61 19 n'est

48 3046 44 19 pas
108 3041 154 21 tout-Comme
280 3044 16 19 il
313 3049 15 15 a
335 3044 136 20 commencé
479 3050 43 14 son
531 3045 36 19 dis-

49 3070 75 20 cours,
142 3072 30 14 on
190 3069 37 18 est
243 3073 67 15 assez
327 3070 91 23 surpris
437 3069 28 20 de
484 3070 21 19 îe
523 3070 53 19 voir

49 3091 180 25 s'Interrompre.
246 3093 62 20 Mais
325 3094 61 19 voici
405 3095 24 19 la
447 3093 35 21 clé
502 3095 28 19 de
549 3100 26 14 ce

49 3116 109 23 mystère.
172 3117 32 20 M.
217 3118 113 20 Duchène
348 3119 60 19 n'est
423 3124 44 19 pas
484 3120 91 19 devenu

49 3141 100 24 aphone,
167 3146 31 15 on
215 3142 48 20 s'en
280 3144 112 23 aperçoit.
411 3144 21 20 Il
450 3150 15 14 a
482 3145 84 23 simple-

49 3167 68 19 ment
132 3166 107 20 constaté
255 3172 45 19 que
317 3173 43 15 son
379 3169 196 24 coreligionnaire

49 3189 34 21 M.
102 3190 114 26 Delattre,
236 3193 109 19 ministre
367 3194 32 19 du
421 3194 102 24 Travail,
545 3199 30 15 ne

50 3213 118 23 .'écoutait
179 3221 50 19 pas,
242 3217 86 24 occupé
339 3219 55 23 qu'il
407 3217 59 21 était
481 3219 28 20 de
522 3224 44 15 con-

50 3243 80 17 verser
140 3245 57 15 avec
207 3241 110 20 l'orateur
328 3242 128 25 précédent
468 3243 32 20 M.
512 3244 63 20 Vaes

50 3264 48 23 qui,
108 3267 183 22 apparemment,
303 3268 66 18 avait
380 3273 84 15 encore
476 3269 99 23 quelque

51 3288 198 22 éclaircissement
258 3290 17 21 à
285 3292 33 19 lui
331 3292 96 21 donner.
439 3294 32 20 Et
485 3294 31 20 M.
528 3294 48 19 Du-

50 3314 62 19 chne
127 3315 56 20 s'est
197 3315 76 21 fâché.
291 3317 33 19 Et
339 3317 32 21 M.
386 3318 115 23 Delattre,
517 3324 58 15 avec

51 3339 81 24 esprit,
147 3345 15 14 a
177 3340 46 21 fait
240 3342 117 19 semblant
373 3343 29 19 de
418 3343 91 20 n'avoir
524 3344 51 19 rien

51 3367 39 16 vu.
102 3363 25 20 Si
140 3364 53 20 bien
208 3366 54 23 qu'il
276 3366 55 20 s'est
344 3366 93 25 résigné
451 3367 16 20 à
480 3367 96 21 écouter

51 3388 23 20 le
93 3389 138 24 monologue
252 3390 28 20 de
299 3396 44 15 son
363 3392 104 24 collègue
487 3393 79 21 vervié-

52 3412 53 21 tois.
117 3413 36 20 La
167 3415 80 19 raison
261 3416 28 19 de
302 3418 24 19 la
339 3418 121 19 mauvaise
474 3418 102 20 humeur

52 3438 30 20 de
100 3438 32 20 M.
151 3439 113 21 Duchène
284 3441 13 19 ?
316 3441 62 21 C'est
396 3442 120 21 lui-même
535 3444 40 23 qui

51 3463 26 19 la
88 3462 86 21 donne:
188 3464 20 20 Il
222 3465 38 19 n'a
271 3466 53 23 plus
337 3466 28 20 de
376 3467 64 20 train
452 3473 61 19 pour
523 3473 43 14 ren-

52 3488 51 19 trer
115 3487 17 20 à
144 3488 129 22 Verviers...
286 3491 92 20 Pauvre
392 3492 31 20 M.
437 3492 114 20 Duchène
568 3493 6 19 î

52 3511 69 21 Voilà
140 3513 61 21 bien,
218 3515 137 23 cependant,
373 3517 41 24 qui
431 3522 30 14 ne
479 3518 98 24 pouvait

53 3536 119 22 émouvois
187 3538 31 20 M.
235 3539 141 21 Mundeleer.
391 3542 60 20 Mais
466 3543 15 20 il
497 3548 29 14 en
542 3542 25 20 ré-

53 3562 62 20 sulte
130 3567 33 15 un
178 3562 104 25 échange
299 3565 29 19 de
343 3571 85 19 propos
443 3567 88 20 devant
546 3568 21 19 le-

52 3587 55 23 quel
119 3588 34 19 les
164 3588 184 22 considérations
360 3590 151 26 développées
523 3594 53 23 plus

52 3612 56 19 tsrd
126 3617 44 19 par
189 3613 21 19 le
230 3613 84 24 député
334 3616 116 20 socialiste
470 3618 29 20 de
520 3618 48 19 Ver-

53 3636 63 20 viers
130 3637 121 24 perdirent
265 3640 52 19 tout
330 3640 91 22 intérêt,
436 3641 76 21 même
529 3647 49 15 aux

52 3665 63 19 yeux
131 3662 31 19 du
178 3667 107 16 nouveau
301 3664 108 21 ministre
426 3666 32 19 du
475 3667 102 20 Travail.

79 3686 33 19 M.
122 3686 114 21 Duchène
247 3692 59 16 nous
318 3690 105 23 apprend
433 3695 51 19 que,
494 3697 15 14 a
521 3693 55 19 telle

54 3710 56 20 date
124 3711 56 24 qu'il
192 3712 101 23 indique,
307 3714 53 22 cinq
373 3715 92 21 foreurs
477 3718 42 19 ont
530 3719 38 18 tra-

54 3735 71 21 vaillé
138 3735 16 21 à
166 3738 24 19 la
202 3742 97 15 caserne
312 3738 28 20 de
351 3739 109 21 Verviers
474 3742 105 23 pendant

54 3761 15 20 9
81 3762 25 19 b.
118 3762 28 20 05
158 3762 104 20 minutes
276 3768 31 15 au
321 3764 47 19 lieu
381 3764 28 20 de
422 3765 14 19 8
448 3765 91 22 heures.

80 3786 34 21 Et
130 3787 34 19 les
181 3787 113 20 huissiers
312 3788 28 19 de
358 3788 23 20 la
397 3789 121 24 Chambre,
534 3797 44 19 par

75 3812 92 24 "impie,
185 3812 119 20 mobilisés
322 3813 82 24 depuis
420 3814 13 19 9
448 3815 84 21 heures
547 3817 31 20 du

107 3836 24 21 In
143 3841 61 20 pour
215 3838 129 22 permettre
356 3838 16 20 à
383 3839 32 20 M.
427 3839 111 22 Duchène
550 3842 28 20 de

102 3858 34 23 fer
150 3866 43 15 son
209 3862 126 21 discours...
349 3862 16 20 à
378 3864 26 19 11
419 3864 24 20 h.
456 3864 31 21 du
501 3866 48 20 soir
566 3867 12 20 ?

81 3886 32 21 M.
129 3886 113 21 Duchène
259 3887 68 20 étant
339 3888 28 20 de
381 3889 115 24 Vervler3,
511 3892 24 19 et
548 3891 32 20 M.

47 3907 161 25 'WINANDT
221 3912 28 19 de
261 3912 81 24 Dison,
354 3918 30 15 on
397 3916 126 22 comprend
535 3921 45 19 que

53 3936 24 20 le
87 3936 167 25 sympathique
266 3938 111 23 questeur
388 3939 59 21 n'ait
456 3944 43 19 pas
510 3942 71 19 voulu

55 3960 127 21 demeurer
197 3966 30 15 en
244 3963 69 20 reste.
330 3963 140 25 Seulement,
487 3970 43 15 son
546 3966 36 19 in-

644 783 71 67 Six
746 788 119 62 cents
895 786 183 64 mineurs

630 881 163 58 occupent
811 876 32 49 le
858 876 230 50 Parlement...

659 968 112 31 Lnnsing
791 970 164 27 (Michigan),
972 970 29 21 10
1019 970 72 22 avril.

627 998 44 22 Six
689 1000 72 21 ccnls
780 998 113 22 mineurs
914 999 44 21 ont
975 997 98 28 occupé
1100 997 22 22 le

597 1026 74 23 Sénat
686 1028 23 20 et
725 1027 23 21 la
763 1026 126 22 Chambre
902 1026 31 23 de
948 1025 73 25 l'Klat
1036 1026 31 22 rie
1080 1025 43 23 Mi-

596 1054 91 26 rliigan
703 1055 24 21 et
741 1053 38 27 s'y
795 1059 47 16 son
858 1052 155 24 barricadés.
1030 1053 32 23 Ils
1078 1055 44 20 ont

596 1081 101 23 déclaré
717 1081 75 29 qu'ils
810 1087 17 22 y
847 1081 150 22 resteraient
1024 1081 99 29 jusqu'à

595 1116 29 16 ce
639 1115 48 23 que
701 1109 23 22 la
740 1109 146 27 législature
901 1108 36 24 ait
952 1108 57 23 voté
1023 1115 49 16 une
1088 1108 34 23 loi

595 1137 128 28 obligeant
760 1137 37 22 les
832 1137 222 22 administrations
1091 1137 32 22 de

597 1165 72 23 l'Etat
688 1165 13 22 à
719 1164 125 23 n'utiliser
860 1171 49 21 que
942 1164 33 22 du
1008 1164 114 23 charbon

595 1194 142 28 provenant
757 1193 44 22 des
819 1192 82 24 mines
919 1192 34 23 du
970 1192 137 28 Michigan.

627 1221 34 22 La
677 1220 84 28 police
776 1220 63 22 n'est
856 1226 45 22 pas
917 1220 158 23 intervenue.

595 1256 26 7 «_
820 1245 94 19 -*»*<*--

595 1286 91 54 Après
706 1287 43 43 les
778 1285 138 44 élections
936 1295 34 33 en
1000 1285 123 52 Hongrie

614 1370 28 31 La
657 1369 130 36 répartition
799 1368 38 31 des
852 1368 72 37 sièges
936 1374 26 24 au
979 1367 123 31 Parlement

820 1416 136 28 Budapest,
970 1415 29 22 10
1015 1414 73 24 avril.

625 1445 74 23 Voici
716 1445 25 22 la
757 1443 152 30 répartition
929 1443 44 22 des
990 1442 81 29 sièges
1088 1449 31 15 au

596 1473 143 23 Parlement
758 1472 76 33 après
852 1472 37 22 les
915 1470 115 24 récentes
1058 1470 53 23 élec-

597 1502 67 22 tions
676 1500 164 29 législatives:

619 1536 77 20 Union
712 1536 125 21 nationale,
855 1534 39 20 168
910 1534 81 20 contre
1020 1534 39 19 148
1087 1538 31 15 au

594 1561 136 19 Parlement
745 1560 28 20 de
790 1560 59 19 1931.

619 1584 123 21 Chrétiens
759 1585 102 20 sociaux,
877 1584 26 19 14
919 1584 81 19 contre
1017 1583 33 20 27.

619 1610 77 19 Petits
710 1609 130 24 argariens,
856 1609 25 19 24
896 1608 81 20 contre
991 1608 33 19 23.

620 1634 75 20 Social
712 1633 153 21 démocrates.
879 1633 25 19 11
922 1633 81 19 contre
1017 1632 32 20 14.

618 1658 117 20 Libéraux
749 1658 153 23 démocrates,
916 1658 14 19 7
947 1659 81 18 contre
1043 1658 19 18 7.

618 1682 143 21 Génération
778 1683 40 19 des
835 1682 122 23 réformes,
972 1682 14 19 2
1001 1684 82 18 contre
1098 1682 20 20 0.

618 1708 137 19 Nationaux
768 1708 138 22 socialistes,
921 1707 13 19 2
950 1709 81 17 contre
1046 1707 20 20 1.

618 1732 166 24 Légitimistes,
797 1732 13 19 1
822 1733 82 18 contre
917 1732 19 19 1.

620 1757 139 23 Opposition
778 1757 101 23 agraire,
898 1757 13 18 1
930 1757 81 19 contre
1031 1757 20 20 0.

619 1782 77 19 Petits
709 1782 82 23 partis,
804 1781 14 19 2
832 1782 81 19 contre
925 1782 20 19 4.
1094 1780 11 18 •

620 1805 182 24 Indépendants,
817 1806 26 19 12
858 1807 81 18 contre
953 1806 33 20 19.

626 1836 33 27 Le
679 1843 116 17 nouveau
815 1837 141 34 parlement
975 1837 84 29 paraît
1079 1837 31 23 de-

595 1866 56 22 voir
663 1865 53 23 être
728 1865 57 29 plus
797 1865 138 29 discipliné
946 1872 48 22 que
1007 1872 45 17 son
1065 1865 46 30 pré-

596 1893 135 23 décesseur
748 1900 44 16 sur
808 1893 23 24 lc
848 1899 160 23 programme
1027 1894 33 22 du
1078 1893 29 29 gé-

597 1921 70 23 néral
683 1921 147 24 Goemboes.
849 1924 20 22 Il
886 1928 116 16 assurera
1018 1928 32 16 au
1066 1921 45 29 pré-

596 1950 84 22 sident
699 1950 34 22 du
752 1951 96 22 conseil
867 1950 25 22 la
910 1950 90 23 liberté
1020 1950 31 23 de
1070 1956 41 16 ma-

597 1984 104 16 noeuvre
720 1978 14 22 à
754 1978 150 24 l'intérieur,
923 1978 43 28 qui
985 1978 67 22 avait
1071 1978 40 29 jus-

596 2006 57 29 qu'à
668 2005 103 30 présent
788 2006 108 28 manqué
912 2006 14 22 à
943 2006 114 22 celui-ci.

628 2034 38 22 On
682 2033 108 29 déclare,
804 2034 63 22 dans
881 2034 37 22 les
933 2034 104 23 milieux
1053 2040 57 16 com-

597 2061 105 29 pétents,
723 2068 48 22 que
790 2061 24 23 la
835 2062 124 28 politique
978 2062 142 23 extérieure

597 2090 31 22 de
643 2092 23 22 la
681 2089 112 29 Hongrie
808 2090 148 23 demeurera
971 2090 149 29 inchangée.

594 2147 35 30 La
642 2147 96 38 frappe
752 2147 46 31 des
809 2149 86 36 pièces
906 2147 58 31 d'or
976 2146 146 38 françaises

650 2189 33 32 de
703 2190 54 30 100
776 2189 90 31 francs
884 2201 16 20 a
916 2191 149 29 commencé

893 2253 75 22 Paris,
986 2253 26 19 10
1026 2252 66 20 avril.

624 2278 33 19 Le
674 2278 107 19 ministre
799 2278 40 19 des
855 2277 117 22 Finances
988 2283 15 14 a
1019 2276 100 26 procédé

599 2303 178 20 officiellement
792 2302 16 21 à
824 2302 77 21 l'hôtel
919 2304 28 19 de
964 2305 23 19 la
1003 2304 117 21 monnaie,

598 2327 15 21 à
628 2329 23 22 la
669 2329 85 23 frappe
772 2328 28 20 de
816 2331 24 19 la
857 2328 114 25 première
989 2327 64 27 pièce
1071 2329 49 20 d'or

599 2354 28 20 de
645 2354 39 20 100
702 2354 30 21 fr.
750 2354 58 19 dont
825 2355 23 19 la
865 2354 143 20 fabrication
1027 2354 49 21 doit
1092 2359 27 15 ee

599 2379 137 23 poursuivre
755 2378 16 20 à
791 2384 32 14 un
843 2379 93 24 rythme
956 2378 105 21 accéléré
1080 2379 40 24 qui

601 2405 125 22 atteindra,
751 2409 30 16 on
806 2404 103 24 l'espère,
935 2404 40 20 dès
999 2404 46 20 l'an
1071 2409 42 19 pro-

599 2430 76 22 chain,
688 2431 13 18 1
713 2430 103 20 milliard
829 2430 39 20 500
881 2430 102 20 millions
997 2431 27 19 de
1038 2430 81 20 francs

599 2460 43 20 par
656 2460 37 15 an.

596 2511 47 37 Des
664 2512 70 35 actes
755 2512 30 35 de
807 2511 147 44 brigandage
967 2519 29 28 en
1014 2511 108 45 Ethiopie

892 2579 82 21 Rome,
989 2579 26 19 10
1029 2579 67 19 avril.

622 2603 36 19 On
677 2603 105 23 apprend
800 2603 95 19 d'Asma
914 2602 138 24 (Erythrée)
1074 2608 46 19 que

598 2626 28 20 de
643 2632 84 19 graves
743 2628 65 19 actes
823 2628 28 19 de
867 2627 146 24 brigandage
1028 2632 25 15 se
1068 2629 55 18 sont

597 2651 107 24 produits
723 2657 30 14 en
772 2652 119 20 territoire
911 2651 125 25 éthiopien,
1055 2653 68 19 entre

597 2677 22 18 le
632 2676 60 20 Setit
704 2678 24 18 et
743 2676 99 23 Condar,
854 2675 31 21 où
897 2677 117 24 plusieurs
1027 2682 87 14 carava-

598 2705 42 14 nes
656 2702 89 19 venant
760 2701 67 19 d'Om
845 2701 63 23 Ager
926 2700 138 24 (Erythrée)
1082 2702 42 19 ont

599 2724 37 20 été
649 2724 80 24 l'objet
742 2725 156 23 d'agressions
912 2726 25 19 et
950 2725 29 20 de
993 2726 104 23 pillages.

624 2749 36 20 De
674 2749 130 19 nombreux
818 2750 107 19 hommes
951 2750 110 20 auraient
1087 2749 38 20 été

599 2772 88 21 blessés
707 2778 31 15 ou
757 2773 59 23 tués,
836 2774 33 19 les
888 2779 130 14 caravanes
1038 2774 78 24 disper-

598 2797 52 20 sées
667 2800 23 17 et
704 2798 34 19 les
751 2798 179 20 marchandises
944 2797 84 22 volées.

624 2822 45 20 Ces
683 2823 65 19 actes
763 2822 28 20 de
806 2822 144 24 brigandage
964 2827 26 16 se
1005 2823 109 23 reprodui-

599 2848 59 20 sent,
678 2847 81 23 depuis
779 2848 99 22 quelque
897 2847 83 24 temps,
999 2847 53 24 plus
1072 2852 43 15 sou-

600 2872 56 19 vent
669 2876 45 18 que
726 2876 43 20 par
781 2871 21 20 le
814 2870 76 25 passé.

598 2916 175 31 L'Université
798 2917 35 31 du
859 2917 75 31 Caire
957 2922 41 26 est
1024 2917 99 31 fermée

858 2980 33 20 Le
905 2980 74 23 Caire,
993 2981 26 19 10
1030 2981 66 19 avril.

626 3004 34 20 Le
680 3007 183 21 gouvernement
883 3010 16 14 a
918 3004 81 21 décidé
1030 3005 87 23 aujour-

601 3029 63 19 d'hui
685 3029 28 19 de
731 3029 88 20 fermer
836 3029 147 21 l'Université
1000 3030 29 19 Al
1046 3030 79 19 Azhar

600 3053 94 23 Jusqu'à
709 3054 23 19 la
748 3054 35 19 fin
800 3054 28 19 de
847 3053 89 21 l'année
952 3055 104 19 scolaire.
1058 3055 66 18 Celte

601 3077 104 20 décision
720 3083 12 14 a
749 3077 37 20 été
800 3079 62 23 prise
879 3083 30 15 en
924 3079 79 19 raison
1018 3079 28 19 de
1062 3080 54 19 trou-

601 3102 49 19 bles
664 3103 40 23 qui
718 3103 95 19 avaient
825 3102 158 25 accompagné
997 3108 45 16 une
1055 3103 70 24 grève

601 3126 106 20 déclarée
721 3128 21 19 le
755 3127 26 19 22
794 3126 87 21 février
894 3133 44 18 par
952 3129 34 19 les
998 3127 127 25 étudiante,

600 3156 30 14 en
643 3152 68 23 signe
724 3152 29 19 de
765 3152 156 23 protestation
932 3152 80 21 contre
1025 3154 21 19 le
1058 3153 67 20 refus

600 3176 31 19 du
642 3177 187 23 gouvernement
840 3176 28 20 de
879 3175 129 26 réintégrer
1018 3177 59 20 dans
1088 3183 37 14 ses

601 3200 120 21 fonctions
733 3200 99 20 l'ancien
844 3201 109 23 Recteur,
966 3201 89 21 Cheikh
1069 3203 58 19 Ous-

601 3225 54 19 tafa
669 3225 115 20 Marachî.

627 3249 32 19 Ce
677 3249 94 20 dernier
788 3250 66 19 avait
873 3249 37 20 été
926 3249 102 25 licencié,
1045 3251 16 20 il
1078 3256 17 19 y
1111 3256 16 15 a

600 3275 53 22 sept
668 3274 67 22 mois,
750 3276 23 18 et
788 3274 82 24 depuis
885 3279 25 15 ce
924 3277 105 18 moment
1045 3276 21 19 le
1079 3275 38 21 mé-

601 3299 178 19 contentement
792 3299 89 19 n'avait
892 3299 45 21 fait
951 3300 176 24 qu'augmenter

601 3324 77 22 parmi
693 3323 34 19 les
741 3322 128 21 étudiants.

836 3347 55 22 MaM

702 3375 53 31 Des
777 3375 158 37 diplomates
954 3387 75 26 grecs

659 3417 102 31 relevés
786 3417 33 31 de
841 3417 72 31 leurs
936 3417 131 33 fonctions

1206 177 45 55 La
1277 186 90 45 mort
1389 185 240 57 mystérieuse

1191 254 64 39 d'un
1277 252 140 48 vieillard,
1438 259 17 34 à
1476 253 161 41 Oostacker

1231 334 37 19 (De
1282 336 48 16 notre
1343 335 132 19 correspondant
1487 334 108 20 particulier)

1465 372 68 22 G;tnd,
1551 377 24 14 ïo
1589 370 60 21 avril.

1175 400 29 20 Lc
1219 403 88 20 parquet
1323 400 25 20 de
1365 399 60 22 Gand
1441 401 46 19 s'est
1505 400 64 20 rendu
1585 399 14 20 à
1613 400 51 20 Oost-

1148 428 61 20 acker
1226 433 53 18 pour
1297 428 50 21 faire
1365 434 39 16 une
1422 428 87 24 enquête
1527 433 36 15 sur
1582 426 18 21 la
1618 428 56 19 mort

1149 455 131 24 mystérieuse
1297 456 25 21 de
1339 456 33 20 M.
1389 456 100 24 Séraphin
1507 455 121 24 Vereecken,
1637 454 37 24 âsé

1147 483 25 21 de
1187 487 22 19 71
1224 489 44 17 ans,
1281 484 36 23 qui
1331 484 38 24 fut,
1384 490 79 15 comme
1478 490 51 14 nous
1544 483 78 20 l'avons
1636 482 37 21 dit.

1150 511 74 21 trouvé
1249 515 55 18 mort
1329 512 51 21 dans
1405 518 27 15 un
1460 511 53 22 fossé
1538 511 90 20 bordant
1654 510 18 20 la

1147 541 65 18 route.
1230 539 39 22 Les
1287 540 117 23 magistrats
1422 543 38 17 ont
1479 539 78 21 obtenu
1577 539 28 20 les
1626 544 45 14 ren-

1147 568 135 21 seienements
1296 568 93 22 SuivantJ
1399 574 5 15 :

1173 595 121 24 Vereecken,
1309 596 35 23 qui
1360 596 51 20 t'*Uit
1427 594 55 23 veuf,
1497 595 57 19 avait
1571 592 59 23 visité
1646 593 25 20 de

1147 624 113 20 nombreux
1278 624 61 22 cafés,
1357 623 115 21 dimanche,
1491 628 50 15 avec
1558 621 19 22 le
1596 627 74 17 carçon

1146 651 25 21 de
1185 652 64 20 ferme
1262 651 107 22 Théodor:
1383 650 96 22 Casteels.
1491 651 17 20 Il
1521 650 51 21 était
1588 655 8 14 1
1612 649 20 20 h.
1645 653 26 18 30

1146 679 28 21 du
1194 680 72 23 matin,
1284 679 64 22 lundi,
1368 679 70 24 quand
1458 678 27 21 les
1505 678 52 20 deux
1577 678 93 20 hommes

1146 706 117 22 décidèrent
1281 708 26 20 de
1325 710 77 19 rentrer
1420 707 49 20 chez
1486 712 45 15 eux.
1550 706 18 20 A
1586 711 22 14 ce
1625 710 35 15 mo-

1148 738 64 20 ment,
1236 736 24 20 ils
1284 735 76 21 étaient
1384 735 51 21 dans
1459 740 27 14 un
1509 734 44 20 état
1575 731 97 22 d'ébrïcté

1147 763 78 21 avancé
1242 765 21 19 et
1282 769 25 15 ne
1327 762 133 24 parvenaient
1480 762 12 20 ;\
1512 761 92 21 marcher
1623 759 48 24 qu'à

1147 791 132 25 prand'peînc
1292 797 6 14 :
1317 790 23 21 ils
1357 790 83 20 avaient
1458 789 28 21 bu
1504 789 79 21 chacun
1602 788 25 21 de
1646 791 25 20 35

1146 818 13 20 à
1180 824 25 19 40
1226 825 67 15 verres
1314 818 26 22 de
1359 817 65 21 bière!
1446 817 40 21 Par
1506 816 53 21 leurs
1580 816 46 23 cris,
1646 814 24 21 ils

1147 847 82 20 avaient
1237 846 71 21 éveilla
1314 846 100 24 plusieurs
1422 845 106 21 habitants
1545 845 28 20 du
1592 842 81 25 village.

1173 875 74 23 Lundi,
1262 875 26 20 de
1302 874 65 23 grand
1383 873 71 23 matin,
1470 873 17 21 le
1504 873 46 24 père
1565 875 20 17 et
1602 872 19 20 lc
1638 871 33 20 fils

1147 902 81 21 Vander
1253 901 52 21 Vaet
1330 901 150 23 découvrirent,
1506 901 45 24 près
1576 899 25 21 de
1627 899 44 20 leur

1148 930 69 24 ferme,
1233 930 19 20 le
1270 936 59 17 corps
1346 929 25 21 de
1389 928 115 22 Vereecken
1523 927 77 22 coucha
1619 926 51 22 dans

1146 964 28 14 un
1192 957 54 21 fossé
1266 957 27 21 où
1311 956 117 24 stagnaient
1448 957 73 23 quinze
1540 955 130 21 centimètres

1145 986 59 20 d'eau
1228 985 107 21 L'homme
1349 984 53 22 était
1417 984 70 21 tombé
1502 984 19 20 la
1539 984 43 20 face
1599 985 71 18 contre

1146 1014 18 19 le
1182 1013 50 21 fond
1250 1013 28 20 du
1297 1012 53 21 fossé
1367 1015 19 18 et
1406 1019 24 14 ne
1448 1012 87 21 donnait
1553 1011 45 25 plus
1614 1011 56 24 signe

1145 1041 26 21 de
1187 1041 40 20 vie.

1171 1068 90 21 Castcels
1272 1068 50 21 était
1332 1068 49 20 assis
1392 1070 71 18 contre
1475 1073 28 15 un
1514 1067 60 21 arbre
1585 1070 21 17 et
1618 1066 51 21 était

1144 1102 73 15 encore
1232 1097 110 20 fortement
1355 1102 47 15 sous
1415 1096 115 20 l'influence
1543 1095 25 20 de
1581 1095 19 20 la
1614 1095 45 20 bois-

1144 1130 45 15 son.
1204 1123 56 22 Tant
1275 1129 40 16 ans
1332 1122 120 27 gendarmes
1469 1123 77 21 arrivés
1563 1125 106 22 prompte-

1145 1155 56 18 ment
1215 1158 36 15 sur
1265 1153 27 20 les
1308 1152 51 20 lieux
1375 1152 48 23 qu'à
1439 1150 61 22 Gand
1514 1152 52 20 dans
1581 1151 18 21 lc
1614 1151 45 20 cabi-

1145 1183 35 18 net
1197 1180 29 21 du
1242 1186 48 17 juge
1306 1180 154 23 d'instruction,
1479 1179 89 21 Casteels
1587 1185 26 15 ne
1632 1181 38 22 put

1144 1209 80 20 donner
1244 1214 68 14 aucun
1335 1207 160 23 renseignement
1517 1214 35 14 sur
1574 1207 19 20 la
1615 1209 55 18 mort

1144 1236 25 21 de
1183 1242 37 15 son
1236 1242 137 17 compagnon.
1388 1236 17 20 Il
1421 1242 12 14 a
1447 1236 32 20 été
1495 1236 38 20 mis
1548 1241 48 15 sous
1611 1241 48 15 man-

1144 1265 36 19 dat
1197 1264 82 20 d'arrêt.

1170 1292 43 20 Des
1236 1291 89 21 témoins
1348 1291 123 23 prétendent
1495 1291 60 21 avoir
1578 1290 91 22 entendu

1144 1320 51 20 crier
1217 1319 52 21 dans
1291 1319 20 21 la
1333 1319 45 21 nuit
1401 1320 94 23 traeique
1508 1325 6 15 :
1540 1325 12 14 «
1560 1319 74 20 Houdt
1657 1325 13 14 u

1145 1347 62 23 recht,
1220 1347 23 21 of
1256 1347 20 20 ik
1289 1347 45 24 geef
1346 1353 13 15 u
1372 1349 43 20 wat
1427 1347 69 24 slagen
1504 1354 12 14 >
1530 1346 140 24 (Tenez-vous

1144 1375 62 23 droit,
1219 1381 27 15 ou
1261 1376 19 23 je
1293 1381 53 15 vous
1358 1376 99 21 donnerai
1472 1376 34 21 des
1521 1375 84 25 coups).

1170 1403 39 21 Pas
1223 1403 45 24 plus
1283 1402 89 22 Casteds
1387 1410 40 17 que
1443 1403 114 22 Vereecken
1573 1403 98 21 n'étaient

1144 1431 94 23 capables
1257 1431 109 21 d'avancer
1385 1438 47 15 sans
1452 1432 83 21 tituber.
1554 1432 35 21 Du
1608 1432 50 21 caba-

1144 1461 30 19 ret
1189 1459 60 24 qu'ils
1265 1459 113 24 quittèrent
1394 1466 24 14 en
1435 1460 81 21 dernier
1531 1460 40 21 lieu
1590 1460 59 24 iusqu
1657 1466 13 14 a

1143 1487 95 21 l'endroit
1255 1487 28 21 où
1299 1487 24 21 ils
1341 1488 69 20 furent
1428 1487 128 23 découverts,
1573 1488 14 20 il
1604 1488 35 24 n'y
1656 1493 13 15 a

1143 1515 61 23 guère
1222 1515 76 23 qu'une
1315 1515 91 21 distance
1423 1516 26 21 de
1467 1521 37 19 150
1523 1516 75 21 mètres
1615 1518 21 18 et
1655 1515 14 21 il

1144 1543 43 20 leur
1208 1543 61 21 fallut
1290 1549 40 15 une
1351 1543 128 21 demi-heure
1501 1550 54 17 pour
1575 1543 50 22 faire
1646 1549 23 15 ce

1143 1571 70 23 trajet.

1367 1600 117 21 ♦■♦-—
1602 1608 62 8 —

1205 1629 62 31 Plus
1290 1630 33 32 de
1344 1631 99 36 régime
1465 1630 148 31 dictatorial

1340 1684 35 19 au
1394 1672 82 31 Brésil

1322 1735 196 23 Rio-de-Janelro,
1535 1736 26 20 10
1577 1735 66 21 avril.

1173 1760 75 24 Après
1270 1762 83 22 quatre
1375 1766 42 15 and
1440 1762 28 19 de
1489 1761 88 25 régime
1599 1762 63 19 dicta-

1149 1787 69 21 torial
1246 1785 132 21 consécutif
1400 1786 15 20 à
1435 1787 25 19 la
1481 1786 131 22 révolution
1643 1787 27 19 de

1149 1812 57 22 1930,
1227 1813 22 19 le
1272 1810 76 22 Brésil
1371 1812 36 20 eût
1429 1811 65 21 entré
1522 1817 30 14 en
1583 1811 88 25 régime

1148 1837 193 20 constitutionnel
1362 1842 58 15 avec
1446 1838 23 19 la
1497 1837 173 24 promulgation

1149 1863 28 21 de
1192 1863 7 19 l
1200 1871 15 14 a
1229 1862 159 20 Constitution
1404 1863 31 19 du
1450 1863 26 19 16
1490 1863 77 23 juillet
1581 1863 51 20 1934
1648 1863 23 19 et

1148 1887 115 20 l'élection
1282 1888 28 19 de
1329 1888 31 20 M.
1379 1888 91 24 Vargas
1490 1893 91 15 comme
1599 1887 62 24 prési-

1149 1913 56 21 dent
1221 1913 27 20 de
1265 1915 24 18 la
1306 1912 146 25 République
1469 1918 21 19 le
1507 1914 26 19 17
1547 1914 78 23 juillet
1642 1913 28 19 de

1148 1940 23 18 la
1185 1938 77 21 même
1278 1938 83 20 année.

1173 1964 37 19 Au
1230 1969 69 14 cours
1320 1964 27 21 de
1366 1964 59 21 1935,
1444 1965 33 19 le-s
1498 1964 111 19 élections
1630 1964 40 18 des

1148 1994 159 18 gouverneurs
1322 1990 41 19 des
1378 1990 70 19 Etats
1463 1988 170 24 crmplèteront
1649 1990 21 18 le

1148 2015 81 20 retour
1247 2019 31 15 au
1297 2013 88 25 régime
1405 2014 66 24 légal.
1491 2014 48 21 Ont
1559 2013 54 24 déjà
1633 2012 37 21 été

1148 2039 59 20 élus:
1224 2041 34 18 les
1274 2044 158 19 gouverneurs
1448 2041 30 19 du
1488 2039 181 22 Minas-Geraes,

1148 2065 28 19 de
1193 2065 140 22 l'Amazone,
1351 2065 27 19 de
1396 2065 99 23 Sergire,
1513 2065 28 18 de
1558 2064 112 19 Pernam-

1147 2090 65 21 bouc.
1229 2091 28 20 de
1273 2089 126 24 Parahyba
1415 2092 23 18 et
1453 2090 30 19 du
1499 2089 93 20 di-îtrict
1607 2087 53 22 fédé-

1148 2116 34 19 ral
1200 2116 28 19 de
1244 2115 101 21 Parana.

1172 2141 162 23 Aujourd'hui,
1351 2141 30 19 M.
1397 2140 121 19 Armando
1535 2140 74 20 Salles
1625 2140 46 19 Oll-

1147 2166 72 22 beira,
1251 2166 78 20 actuel
1363 2166 161 19 interventeur
1557 2166 28 19 de
1617 2165 55 19 Sao-

1146 2191 81 20 Paulo.
1244 2196 15 14 a
1276 2190 37 23 été
1333 2191 36 22 élu
1387 2196 147 19 gouverneur
1553 2191 27 19 de
1598 2191 73 23 l'Etat

1148 2222 43 18 par
1206 2216 26 19 35
1247 2216 54 19 voix
1317 2217 81 19 contre
1415 2217 31 20 22.

1174 2242 32 19 Le
1229 2242 186 23 gouvernement
1437 2240 90 21 fédéral
1551 2241 118 24 comptera

1147 2268 23 18 la
1186 2265 110 25 majorité
1312 2267 96 20 absolue
1425 2272 30 16 au
1470 2267 144 22 Parlement,
1631 2261 39 29 qù*i

1146 2297 27 16 se
1192 2291 96 21 réunira
1306 2297 31 15 au
1357 2292 59 21 mois
1437 2294 28 19 de
1484 2294 48 19 mai
1551 2292 121 24 prochain.

1366 2325 28 17 ♦
1400 2325 41 18 .**♦

1213 2359 35 38 LE
1271 2359 150 38 TERRIBLE
1448 2360 165 38 ACCIDENT

1265 2416 33 38 de
1322 2416 236 45 Ihâteau-Thierry

1189 2490 49 32 Les
1263 2490 155 33 funérailles
1442 2492 47 31 des
1513 2493 119 30 victimes

1299 2540 221 25 Château-Thierry,
1536 2541 27 20 10
1579 2541 67 20 avril.

1170 2564 154 24 Aujourd'hui
1343 2567 41 18 ont
1401 2571 29 14 eu
1445 2565 53 23 lieu,
1516 2570 29 15 cn
1563 2565 112 24 piéscnce

1145 2590 27 21 de
1196 2590 58 22 6,000
1278 2595 134 18 personnes,
1437 2590 33 20 les
1494 2590 114 24 obsèques
1634 2592 40 19 des

1145 2614 107 20 victimes
1270 2615 28 19 de
1315 2615 123 21 l'accident
1454 2616 165 21 d'automobile
1635 2621 14 19 q
1660 2622 13 14 :■

1145 2639 56 22 s'est
1217 2640 95 23 produit
1331 2640 124 20 dimanche
1471 2646 31 14 au
1520 2646 66 14 ^ojrs
1606 2642 29 19 de
1653 2642 23 18 \-

1145 2669 83 17 course
1243 2666 28 18 de
1288 2664 58 20 côte.
1363 2666 32 19 Le
1409 2665 77 24 préfet
1502 2668 28 18 de
1546 2666 87 20 l'Aisne
1654 2667 21 19 le

1145 2687 120 25 président
1280 2690 30 19 du
1325 2690 92 19 Conseil
1431 2690 94 29 général
1540 2693 23 18 et
1576 2691 22 20 "e
1611 2697 64 15 sous-

1146 2713 79 24 préfet
1246 2714 28 18 de
1295 2714 114 22 Soissors,
1431 2715 90 20 étaient
1543 2717 76 22 parmi
1640 2717 35 19 les

1148 2738 135 20 assistants.

1391 2764 77 19 ►&♦-

858 3480 112 23 Ath'mes,
991 3482 27 19 10
1040 3482 63 19 -.vril.

624 3505 41 20 L'a
667 3510 59 19 gène
744 3505 126 20 d'Athènes
888 3510 107 17 fnnonce
1011 3511 45 19 que
1074 3508 55 19 MM.

599 3530 61 20 Jean
677 3531 91 22 Politis,
783 3530 109 20 ministre
908 3531 28 19 de
952 3530 74 20 Grèce
1044 3531 14 19 à
1073 3532 49 20 Var-

600 3556 70 22 sovie,
690 3556 85 19 Kimos
793 3556 84 22 Collas,
895 3556 109 20 ministre
1021 3556 16 20 à
1057 3557 70 23 Sofia,

601 3580 206 24 Polychroniades,
823 3581 110 19 ministre
947 3580 16 20 à
978 3581 103 23 Moscou,
1105 3583 24 19 et

601 3604 114 24 Raphaël,
736 3605 56 20 chef
813 3605 29 21 de
862 3606 24 20 la
907 3604 134 25 délégat'on
1064 3606 59 20 hellé-

604 3630 70 23 nique
698 3631 154 22 permanente
874 3630 15 20 à
912 3630 100 23 Genève,
1034 3633 43 18 ont
1098 3630 37 21 été

603 3653 89 21 relevés
714 3655 28 19 de
762 3655 63 19 leurs
845 3656 126 20 fonctions.

830 3681 27 17 ♦
860 3680 17 20 I
880 3681 27 18 ♦

600 3702 63 31 Plus
678 3702 33 31 de
724 3707 59 33 sept
795 3702 73 31 mille
880 3702 153 31 kilomètres
1045 3714 34 21 en
1092 3703 40 31 skî

897 3769 97 24 Moscou,
1009 3774 24 16 10
1048 3769 60 21 avril.

630 3796 106 25 L'Agence
752 3796 51 23 Tass
818 3803 94 15 annonce
926 3803 41 18 que
983 3797 46 25 cinq
1046 3795 88 25 skieurs,

604 3826 36 23 qui
657 3826 114 21 effectuent
788 3826 18 22 le
823 3831 99 18 parcours
937 3826 29 20 du
982 3825 31 22 lac
1030 3825 74 22 Baïkal
1120 3825 14 21 à

604 3853 20 21 la
637 3854 48 21 Mer
699 3854 91 22 Blanche
803 3856 21 19 et
836 3854 13 21 à
860 3853 147 24 Mourmansk,
1020 3856 48 19 sont
1081 3853 42 22 arri-

605 3881 35 22 vés
661 3881 13 22 à
692 3881 125 25 Arkhangel.
838 3882 29 21 Ils
886 3885 39 18 ont
943 3884 87 19 couvert
1047 3888 28 14 en
1095 3886 37 19 131

603 3909 59 25 jours
680 3911 58 23 7.850
755 3909 120 23 kilomètres
892 3910 52 21 dans
961 3909 36 22 des
1015 3909 118 21 conditions

602 3938 150 22 extrêmement
767 3938 98 25 pénibles,
878 3944 48 16 sans
941 3938 105 24 présenter
1060 3944 62 18 cepen-

603 3966 53 21 dant
670 3972 80 16 aucune
766 3969 55 19 trace
838 3967 26 21 de
881 3967 86 23 fatigue.

90 4066 87 83 Les
200 4066 239 85 Maladies
462 4068 93 85 des
576 4070 145 85 Voies
744 4068 359 99 Respiratoires

89 4170 360 40 (TUBERCULOSE,
476 4175 292 30 BRONCHITES
789 4172 313 39 CHRONIQUES)

224 4223 130 22 Catarrhes,
372 4225 109 18 Aithme»,
500 4224 134 23 Pleurésies,
650 4228 149 19 Oppressions
817 4232 54 14 avec
887 4228 113 21 crachats,
1016 4228 98 18 Rhumes

225 4244 171 22 Emphysème»,
420 4246 128 21 Grippes,
575 4248 162 18 Enrouements
758 4250 47 17 tant
823 4248 142 19 radicalement
989 4248 67 23 guéris
1075 4251 37 19 pat

224 4265 11 17 I
247 4265 81 19 ElSxJr
340 4267 158 20 Dupoyroux
509 4267 36 22 qui
556 4272 15 14 a
582 4269 60 17 sauvé
651 4269 33 18 des
691 4269 93 18 milliers
792 4270 28 18 de
832 4271 100 17 malades
941 4268 138 24 désespérés.
1089 4270 23 16 Ce

225 4287 88 15 remède
333 4287 116 18 souverain
467 4288 104 19 cicatrisa
591 4289 28 18 le*
636 4289 70 19 lestons
722 4291 138 21 respiratoires
874 4295 49 14 «ans
944 4291 50 18 léser
1010 4290 101 20 l'estomac,

224 4306 80 17 fortifie
322 4306 132 23 l'organisme,
474 4309 87 18 ranime
578 4310 94 24 l'appétit,
687 4311 53 18 tarit
755 4311 27 18 tes
797 4312 93 18 crachat*
903 4314 20 17 tt
937 4313 71 21 guérit
1023 4312 20 17 la
1058 4313 49 16 toux

219 4327 29 26 JL4
255 4327 64 20 flacon
330 4327 30 19 33
368 4328 76 19 Francs
451 4334 43 13 aux
502 4330 158 20 Laboratoires
667 4333 176 19 DUPEYROUX,
850 4333 76 21 8S,Bue
933 4334 33 18 des
972 4333 138 20 Vétérinaires,,

222 4348 109 18 iirux'.Cis.
343 4350 22 17 et
373 4349 52 19 dan*
436 4351 63 18 toutes
510 4351 28 19 les
549 4351 75 20 bonnes
633 4352 134 19 Pharmacies.

308 4384 61 15 TESTE
408 4383 9 22 [
450 4382 99 17 Vnarmactt
553 4384 74 16 Dtkaere.
634 4385 24 17 •»,
666 4385 103 20 CoodcBO**-*r
776 4386 52 16 (Plsce
834 4387 69 18 Boyiiej.

327 4407 11 8 •
340 4408 11 7 -.
408 4399 12 23 \
450 4399 97 17 Pharmaeit
555 4401 106 19 Gripekoecn,
666 4403 24 16 37.
697 4404 34 14 Rue
737 4404 21 14 du
765 4405 153 15 Narcbé-iui-r<»l«

306 4426 63 14 •rai*...
409 4415 11 25 )
451 4417 97 16 l'hnrmacii
553 4419 75 18 Dandoy.
636 4421 22 14 11.
667 4420 32 15 Ru*
706 4421 20 14 de
734 4421 50 15 Loeiit.

306 4433 69 15 DETAIL
408 4433 10 15 <
450 4434 98 18 PharmaeU
557 4436 80 18 VltVtjelê,
645 4439 31 15 119,
683 4438 80 16 Ch-urnée
768 4439 10 15 d
785 4439 62 15 Iiellw.

331 4462 14 11 A
411 4451 9 17 i
450 4452 98 17 Pharmacie
556 4454 112 18 CotmovoUle.
676 4456 23 17 *t,
706 4459 29 12 rue
741 4456 20 15 de
768 4456 68 16 Haïmes.

285 4480 106 13 mr-TPriv-t
408 4468 10 25 f
451 4469 98 18 Pharmacie
555 4471 135 18 Fainte-GuduU,
698 4473 15 16 S.
720 4473 33 17 Rs*
762 4474 55 15 Sunle-
820 4473 65 18 Cidnle.

286 4485 105 13 MUitLUB
409 4488 10 17 \
450 4486 99 19 Pharmacie
554 4489 98 20 Dernnlttê,
660 4490 16 17 7,
686 4490 34 16 Rue
728 4491 21 16 do
757 4491 67 16 Joncker
831 4492 52 18 {Porte
892 4492 66 19 Louise).

1276 2791 76 42 ÇA
1381 2791 75 32 ET
1478 2792 72 32 LA

1286 2860 65 21 Pour
1364 2860 36 20 les
1414 2861 117 24 Aveugles
1547 2862 29 21 de
1591 2865 85 20 guerre

1178 2884 30 20 M.
1229 2885 24 20 P,
1273 2886 92 22 Agnello,
1386 2885 138 22 Franciscain,
1545 2887 85 23 aveugle
1651 2887 24 19 de

1152 2916 79 17 guerre,
1249 2910 102 24 président
1367 2911 24 20 de
1407 2911 92 21 l'Œuvre
1516 2912 108 21 Nationale
1641 2912 35 20 des

1152 2936 108 22 Aveugles,
1279 2936 50 19 dans
1349 2936 18 20 le
1385 2936 35 20 but
1440 2937 25 20 de
1485 2938 128 23 promouvoir
1631 2938 45 23 plus

1152 2960 121 21 activement
1294 2962 20 19 la
1335 2967 60 14 cause
1416 2962 35 20 des
1479 2963 95 23 aveugles
1602 2963 74 22 beiges,

1152 2986 107 20 désirerait
1274 2987 101 20 vivement
1391 2991 83 16 trouver
1489 2994 27 13 un
1533 2988 49 23 petit
1598 2989 77 19 cinéma

1156 3011 129 24 Fathé-Baby
1304 3018 26 14 ou
1351 3012 128 23 Pathé-Lux,
1498 3017 21 16 et
1538 3019 27 14 un
1586 3014 90 23 appareil

1153 3037 155 22 correspondant
1325 3038 24 19 de
1366 3038 54 24 prise
1436 3038 24 20 de
1478 3039 62 20 films.

1178 3062 72 20 Parmi
1266 3068 37 14 nos
1318 3063 75 20 lecteus
1408 3070 26 13 ou
1451 3064 54 20 leurs
1520 3064 59 23 amis,
1595 3064 19 20 la
1631 3070 35 18 per-

1154 3093 62 14 sonne
1234 3087 34 24 qui
1285 3089 120 22 accepterait
1423 3089 24 20 de
1464 3090 115 19 contribuer
1595 3090 13 19 à
1624 3093 52 16 cette

1153 3113 65 19 bonne
1236 3119 75 17 œuvre,
1328 3116 47 20 peut
1393 3113 63 21 écrire
1474 3120 26 14 au
1523 3120 6 15 :
1548 3115 32 21 49,
1597 3120 78 14 avenue

1154 3139 67 22 Roger
1234 3138 86 20 Vanden
1335 3139 113 23 Driessche,
1462 3140 214 21 Woluwe-St-Pierre.

1416 3186 51 20 Une
1480 3192 80 15 œuvre
1574 3192 30 16 en
1617 3186 59 25 péril

1179 3211 30 20 La
1227 3210 128 20 dévaluation
1373 3211 25 20 du
1417 3212 58 20 franc
1490 3216 41 16 met
1548 3219 25 13 en
1589 3213 51 24 péril
1659 3213 17 19 le

1155 3236 124 20 sanatorium
1297 3236 57 23 belge
1372 3236 24 21 de
1414 3242 12 14 €
1435 3237 92 20 Lumière
1544 3241 19 17 et
1581 3238 38 20 Vie
1627 3244 19 17 »,
1664 3238 12 19 â

1156 3262 98 20 Montana
1271 3262 8 22 (
1284 3261 89 22 Suisse).

1182 3287 64 19 Créée
1262 3292 39 18 par
1317 3288 20 19 la
1355 3287 112 23 générosité
1483 3289 27 19 du
1529 3288 113 23 fondateur,
1658 3289 18 19 le

1154 3316 65 16 comte
1232 3312 77 20 Gaétan
1321 3312 25 19 de
1359 3312 19 19 la
1391 3313 222 23 Boessière-Thiennes,
1625 3317 51 16 cette

1156 3344 70 14 oeuvre
1248 3337 69 24 privée
1341 3337 39 20 fait
1403 3344 50 17 pour
1475 3339 20 19 la
1517 3338 98 24 première
1638 3338 40 20 fois

1155 3363 59 24 appel
1233 3369 26 14 au
1278 3363 73 24 public.

1182 3389 42 19 Des
1239 3387 101 20 centaines
1356 3387 100 20 d'enfants
1470 3388 68 23 belges
1553 3388 29 20 lui
1597 3389 80 20 doivent

1154 3413 20 20 la
1187 3414 39 19 vie.
1241 3413 82 22 (18.500
1336 3413 95 23 journées
1439 3413 25 20 de
1472 3414 94 22 présence
1574 3419 24 14 en
1608 3415 70 19 1934).

1184 3439 84 23 Compte
1289 3438 151 24 cbèque-postal
1461 3440 91 18 32.31.26
1574 3439 106 21 (Lumière

1156 3468 20 17 et
1190 3465 46 22 Vie,
1251 3465 31 19 82.
1297 3470 36 14 rue
1348 3463 26 21 de
1389 3464 97 23 Stassart.
1501 3464 125 21 Bruxelles).

1183 3490 180 23 Renseignements
1385 3495 6 14 :
1410 3488 78 21 Œuvre
1504 3490 102 19 nationale
1623 3489 56 23 belge

1157 3516 24 19 de
1196 3515 85 21 difense
1295 3519 69 15 contre
1377 3514 19 19 la
1411 3514 132 25 tuberculose,
1558 3515 32 22 82,
1605 3521 36 13 rue
1655 3515 25 19 de

1159 3542 98 21 Stassart,
1279 3540 113 20 Bruxelles.

1730 175 171 41 Dans
1932 177 55 39 le
2022 185 160 44 pays

1987 264 44 24 EN
2057 261 167 26 FLANDRE

1697 321 21 19 A
1733 320 91 20 GAND.
1837 329 28 6 —
1878 320 65 19 UNK
1959 320 113 23 BOlRKK
2087 322 41 19 DE
2144 320 80 19 GAl-A

1777 344 64 19 AUX
1857 350 13 12 «.
1885 344 96 21 CHOIX
1996 348 42 19 DE
2054 347 61 20 FEU
2132 351 12 13 »

1724 377 50 20 Une
1788 377 89 23 grande
1889 376 76 20 soirée
1979 380 27 21 de
2020 381 54 22 gala
2089 380 35 19 est
2138 377 87 19 offerte

1698 402 187 24 gracieusement
1924 407 43 18 par
2005 406 33 19 le-s
2077 403 74 22 frères
2188 402 36 18 Do

1699 427 109 24 Muynck,
1830 426 129 21 directeurs
1982 429 30 19 du
2034 431 79 22 cirque
2135 427 80 23 «Olym-

1698 452 38 24 pia
1754 458 17 15 »,
1789 450 15 20 à
1821 451 74 20 Gand,
1915 451 20 19 le
1954 454 110 20 vendredi
2083 455 24 18 12
2125 452 65 20 avril,
2208 451 14 18 â

1698 477 26 19 20
1741 476 29 22 h.,
1788 480 30 15 au
1836 476 72 23 profit
1928 477 30 19 du
1977 478 102 24 drapeau
2097 478 41 20 des
2155 476 69 20 Croix

1697 502 29 18 de
1745 501 47 20 Feu
1810 501 100 23 guntols.

1724 527 43 18 Los
1784 526 50 23 prix
1853 526 40 18 des
1912 526 76 23 places
2004 533 29 14 nn
2048 530 54 20 sont
2118 533 42 19 pas
2177 531 38 14 ma-

1697 551 67 23 jorée.
1790 551 30 18 Le
1842 551 89 19 bureau
1954 552 28 19 de
2004 554 99 20 location
2126 553 36 18 est
2184 556 30 14 ou-

1696 577 50 18 vert
1761 576 15 19 à
1789 576 75 24 partir
1877 577 28 18 de
1919 581 26 13 ce
1958 578 58 21 jour.
2031 580 30 18 Le
2076 581 147 20 programma

1696 607 14 13 a
1726 601 53 20 eubi
1796 600 41 20 des
1853 601 181 22 modifications.

1875 639 93 24 DANS
1991 642 44 23 LE
2058 639 162 26 HAINAUT

1768 697 20 19 A
1809 696 93 21 MONS.
1922 706 27 5 —
1971 698 179 23 L'ABATTOIR

1737 722 174 20 COMMUNAL
1926 723 57 20 EST
1997 723 184 22 MODERNISE

1723 757 40 21 Les
1781 760 88 18 travaux
1889 759 100 22 entrepris
2008 760 13 20 à
2039 758 105 24 l'abattoir
2164 764 45 15 com-

1697 786 69 19 munal
1781 786 25 20 de
1819 786 63 20 Mons
1896 786 43 20 afin
1953 787 25 20 de
1993 788 17 20 le
2025 788 123 22 moderniser
2161 787 59 19 étant

1697 813 102 22 terminés,
1817 814 16 19 le
1853 813 80 21 Conseil
1952 817 117 21 communal
2085 823 13 14 a
2114 815 59 20 visite
2192 814 28 21 les

1698 840 143 22 installations.

1721 868 32 21 M.
1785 867 97 26 Willems,
1914 869 123 24 inspecteur-
2040 870 119 24 vétérinaire
2190 870 29 20 du

1695 900 168 19 gouvernement,
1881 897 101 22 directeur
1999 900 27 21 du
2043 899 123 22 laboratoire
2184 899 24 20 vé-

1695 924 95 21 térinaire
1803 925 25 21 de
1844 925 108 24 Bruxelles,
1965 933 13 14 a
1992 929 37 21 mis
2041 936 25 13 cn
2081 927 88 22 marche,
2182 926 26 22 de-

1695 954 52 20 vant
1764 953 27 20 les
1809 951 101 25 visiteurs,
1927 954 29 21 les
1973 957 101 22 appareils
2089 957 28 20 du
2136 955 71 21 labora-

1696 980 58 23 toire,
1773 980 46 24 puis
1838 980 20 22 la
1878 981 59 21 visite
1957 983 35 20 des
2011 984 72 21 locaux
2101 990 12 14 a
2132 988 25 16 eu
2179 982 39 21 lieu

1694 1014 49 15 sous
1757 1009 20 20 la
1792 1009 98 22 conduite
1903 1009 25 21 (le
1943 1009 31 21 M.
1990 1012 74 25 Durez,
2079 1012 101 21 directeur
2194 1010 25 21 de

1709 1036 99 22 abattoir.

1905 1068 105 19 -*•>£•*>-

1728 1103 155 51 L'affaire
1905 1105 40 49 de
1968 1107 221 51 contrebande

1792 1181 124 42 d'armes
1937 1182 35 42 de
1991 1183 131 45 Baisieux

1808 1261 64 38 Sept
1894 1263 215 33 condamnations

2003 1313 64 25 Lille,
2083 1314 25 20 10
2124 1314 66 18 avril.

1723 1336 32 19 Le
1774 1336 102 21 tribunal
1894 1338 168 21 correctionnel
2082 1340 27 20 de
2128 1339 56 19 Lille
2203 1344 14 13 a

1699 1362 73 19 rendu
1792 1366 41 15 son
1852 1362 122 23 jugement
1993 1364 57 21 dans
2070 1364 101 20 l'affaire
2190 1364 28 19 de

1697 1387 158 19 contrebande
1892 1387 13 19 d
1913 1392 77 15 armes
2024 1389 138 21 découverte
2197 1389 21 19 le

1699 1412 11 19 1
1713 1414 17 9 er
1753 1417 63 14 marti
1840 1416 30 15 au
1892 1413 67 22 poste
1981 1414 113 21 frontière
2116 1415 28 19 de
2165 1414 54 19 Bal-

1696 1438 73 22 aleux.

1724 1463 31 19 Le
1772 1462 145 21 conducteur
1933 1463 27 20 de
1978 1464 75 24 l'auto,
2069 1465 90 20 Firmin
2174 1465 35 19 De-

1699 1490 106 21 tournay,
1833 1489 37 18 est
1896 1489 129 20 condamné
2044 1490 16 20 à
2078 1491 13 19 6
2110 1490 60 19 mois
2190 1490 28 19 de

1698 1513 88 23 prison;
1805 1516 20 18 le
1839 1513 122 24 sculpteur
1976 1515 118 24 Masselot,
2110 1516 28 19 de
2153 1516 64 21 Lille,

1697 1538 15 20 à
1733 1538 13 20 8
1767 1539 59 21 moia
1849 1542 21 16 et
1893 1544 36 14 ses
1952 1540 57 21 trois
2030 1542 39 20 file
2090 1541 92 20 chacun
2203 1540 16 20 à

1697 1564 12 19 6
1729 1564 59 19 mois
1809 1564 27 19 de
1857 1563 88 24 prison;
1966 1565 130 22 l'armurier
2116 1566 103 20 tournai-

1697 1589 50 19 sien
1766 1589 136 23 Houvatiet,
1919 1589 39 24 qui
1976 1591 89 21 fournit
2082 1593 33 18 les
2133 1596 85 16 armes,

1696 1615 25 19 et
1741 1616 21 19 le
1783 1614 71 21 Serbe
1874 1615 97 23 Regers,
1992 1617 41 19 ont
2053 1616 36 21 été
2109 1616 99 20 condam-

1698 1644 41 16 nes
1760 1638 15 21 à
1795 1640 25 19 15
1841 1640 59 20 mois
1922 1640 27 19 de
1970 1641 78 23 pri=on
2068 1647 43 19 par
2131 1641 88 20 défaut.

1698 1665 61 20 Tou,3
1777 1665 33 19 les
1827 1664 97 22 accusés
1940 1668 54 19 sent
2010 1667 141 20 condamnés
2167 1666 43 20 soli-

1698 1690 132 23 dairement
1847 1690 15 20 à
1878 1695 45 15 une
1941 1692 98 20 amende
2057 1693 27 20 de
2101 1693 71 21 35,000
2189 1693 30 18 fr.

1754 1736 34 33 Le
1812 1737 49 31 Roi
1885 1737 33 31 de
1943 1737 83 32 Suède
2050 1741 16 29 à
2090 1740 73 30 Paris

1991 1801 73 23 Paris,
2084 1803 26 18 10
2128 1801 65 20 avril.

1725 1825 31 22 Le
1774 1826 34 20 roi
1827 1826 103 19 Gustave
1947 1826 21 19 V
1986 1826 27 19 de
2031 1827 81 23 Suède,
2129 1831 81 15 accom-

1699 1850 76 24 pagné
1791 1852 30 18 du
1837 1851 84 23 joueur
1936 1850 127 22 américain
2080 1852 132 20 Robert*?on

1700 1880 87 18 venant
1801 1877 28 19 de
1842 1878 23 18 la
1879 1875 56 21 Côte
1950 1877 89 23 d'Azur,
2052 1877 29 21 où
2095 1878 15 19 il
2123 1883 14 13 a
2151 1881 69 19 passe

1700 1907 45 16 une
1761 1902 89 23 grande
1868 1902 74 24 partie
1961 1902 28 19 de
2005 1903 86 23 l'hiver,
2100 1903 35 19 est
2143 1902 77 21 arrivé

1699 1932 26 14 ce
1742 1927 75 19 matin
1833 1926 15 20 à
1864 1927 75 19 Parie.

1725 1953 36 18 En
1790 1952 35 19 fin
1854 1953 33 19 d'e
1892 1951 126 24 près-midi,
2045 1954 21 19 le
2093 1954 44 19 Roi
2164 1953 57 18 s'est

1700 1978 74 19 rendu
1793 1977 17 19 à
1828 1978 23 19 la
1871 1977 176 21 Crcix-Catelan
2067 1978 31 20 où
2125 1980 15 18 il
2164 1979 57 18 c'est

1699 2002 107 22 entraîné
1826 2007 41 15 sur
1886 2007 31 15 un
1938 2003 39 21 dee
1997 2005 80 18 courts
2097 2004 44 19 mis
2160 2003 15 20 à
2192 2008 29 15 sa

1701 2028 136 23 disposition

1901 2054 77 18 -4*XK<

1770 2083 30 37 Le
1821 2084 120 44 paquebot
1964 2093 10 21 «
1994 2084 125 43 Aquitania
2138 2094 11 22 *

1874 2139 63 36 s'est
1959 2138 92 38 échoué

1893 2206 178 24 Southacnpton,
2086 2207 26 19 10
2128 2206 67 23 avril.

1725 2231 33 20 Le
1782 2232 118 23 paquebot
1932 2237 11 13 «
1957 2232 127 23 Aquitania
2098 2238 18 16 »,
2147 2233 66 18 trans-

1700 2259 95 22 portant
1810 2258 38 18 500
1864 2262 131 19 passagers,
2011 2258 54 19 s'est
2081 2257 87 22 échoué
2184 2257 38 18 cet

1700 2282 136 24 aprè:-mldl
1856 2281 54 25 près
1930 2284 30 17 du
1980 2282 72 24 phare
2072 2283 28 21 de
2119 2282 103 21 Calshot,

1697 2314 42 14 eur
1754 2313 31 15 un
1799 2309 60 19 banc
1874 2309 27 18 de
1916 2308 70 21 sable,
2000 2313 30 14 au
2043 2310 104 18 moment
2161 2308 50 19 d'en-

1700 2336 49 18 trer
1768 2338 32 15 au
1820 2334 53 25 port
1893 2334 27 19 de
1942 2333 178 24 Southampton.

1757 2387 77 39 Seize
1858 2393 140 33 réservoirs
2020 2394 15 31 à
2059 2389 100 45 pétrole

1740 2444 56 38 font
1819 2443 138 46 explosion
1980 2458 33 22 en
2037 2444 143 37 Roumanie

1954 2512 121 22 Bucarest,
2091 2511 25 19 10
2131 2510 65 21 avril.

1726 2538 21 19 A
1765 2538 89 23 ploestl,
1874 2542 44 16 une
1937 2537 118 23 explosion
2073 2542 14 14 a
2105 2535 118 25 provoqué

1701 2568 32 15 un
1756 2563 107 20 incendie
1886 2563 60 19 dans
1969 2567 45 15 une
2042 2562 124 20 raffinerie
2195 2562 28 18 de

1701 2588 95 24 pétrole.
1820 2588 64 19 Seize
1907 2588 88 24 grands
2026 2587 127 20 réeervoirs
2182 2588 41 18 ont

1701 2614 46 20 fait
1767 2614 119 23 exploeicn
1904 2613 206 20 successivement.

1727 2640 44 18 Les
1790 2639 118 24 pompiers
1927 2640 43 18 ont
1988 2637 101 24 éprouvé
2108 2638 27 21 de
2154 2642 60 19 gran-

1701 2665 41 20 des
1763 2664 130 22 difficultés
1912 2669 59 19 pour
1990 2664 108 19 localiser
2116 2664 21 19 le
2155 2663 68 19 cinis-

1703 2692 42 20 tre.
1773 2708 3 3 .

1727 2716 37 20 Un
1786 2715 123 24 ingénieur
1931 2716 24 19 et
1975 2715 58 20 trois
2055 2714 104 20 ouvriers
2182 2714 41 19 ont

1703 2740 36 19 été
1759 2740 145 23 grièvement
1923 2739 85 24 brûlés.

1727 2765 45 18 Les
1789 2766 77 21 pertes
1881 2767 55 17 eont
1953 2764 108 21 évaluées
2076 2764 15 20 à
2107 2764 115 23 plusieurs

1706 2789 102 20 dizaines
1828 2789 28 19 de
1874 2788 102 19 millions
1996 2788 27 18 de
2037 2788 42 18 lei.

1778 2843 64 36 Cinq
1864 2842 123 30 matelots
2009 2853 27 19 se
2057 2843 88 28 noient

1774 2896 35 19 au
1829 2885 74 37 large
1924 2884 32 31 de
1975 2883 36 31 La
2031 2884 117 35 Corogne

1879 2947 34 22 La
1932 2948 122 26 Corogne,
2074 2946 30 22 10
2123 2945 73 23 avril.

1724 2976 66 28 Cinq
1804 2974 115 24 matelots
1932 2976 167 28 appartenant
2114 2984 13 14 ;i
2141 2972 75 31 l'équi-

1702 3009 62 24 page
1779 3004 75 22 d'une
1868 3003 95 28 barque
1979 3003 31 22 de
2024 3002 81 29 pêche
2120 3002 32 24 du
2168 3002 58 34 port

1702 3032 31 22 de
1749 3032 65 22 Sada
1831 3037 26 17 se
1872 3034 56 20 sont
1948 3030 85 29 noyés.
2049 3031 65 22 Leur
2130 3024 87 29 embar-

1700 3060 85 22 cation
1805 3067 13 15 a
1838 3059 38 23 été
1894 3059 133 23 retournée
2044 3065 46 23 par
2108 3064 32 18 un
2159 3064 65 23 coup

1701 3088 31 23 de
1749 3090 59 20 vent
1827 3094 31 16 au
1876 3087 68 28 large
1963 3088 31 22 de
2012 3088 21 22 la
2051 3088 124 27 Corogne.
2193 3087 32 22 Le

1701 3117 90 26 patron
1806 3123 14 15 a
1834 3122 32 22 pu
1880 3121 93 23 gagner
1985 3116 23 22 la
2021 3115 56 23 côte
2092 3116 14 22 à
2120 3116 22 22 la
2156 3121 69 21 nage.

1701 3145 20 22 U
1735 3143 108 28 nmarin,
1856 3145 42 27 qui
1913 3143 80 24 s'était
2007 3150 156 23 cramponne
2176 3144 14 22 à
2204 3144 22 22 la

1702 3178 88 23 coque,
1812 3178 13 16 a
1846 3172 38 23 été
1903 3171 76 24 sauvé
1999 3179 46 21 par
2065 3178 48 17 une
2133 3171 94 30 barque

1703 3206 126 16 accourue
1847 3200 14 23 à
1878 3200 82 26 l'aide,
1977 3200 63 23 niais
2055 3200 37 23 les
2111 3200 59 29 cinq
2188 3206 30 16 au-

1704 3230 50 21 tres
1769 3231 43 20 ont
1828 3228 105 28 disparu
1948 3245 6 6 .

1932 3256 77 20 ♦■♦

2854 257 165 56 VOS
3086 256 507 59 ECONOMIES

2854 334 102 21 seront
2976 326 66 35 plus
3060 325 229 28 substantielles
3302 335 22 18 si
3338 335 77 20 vous
3428 331 165 33 employez

2852 362 125 29 l'Extrait
3000 362 39 28 de
3062 361 124 28 Viande
3216 361 102 35 Liebig
3349 363 180 30 l'auxiliaire
3551 366 41 26 de

2853 406 63 20 tant
2939 399 40 27 de
3002 402 187 31 ménagères
3209 402 135 23 averties

2853 434 132 28 L'Extrait
3004 434 40 28 de
3058 433 125 28 Viande
3202 433 104 35 Liebig
3325 443 116 26 permet
3460 435 40 28 de
3515 435 76 29 faire

2854 480 59 17 une
2935 475 118 23 cuisine
3076 469 157 29 meilleure
3259 478 19 18 a
3300 470 135 28 meilleur
3457 479 125 28 compte

2853 505 74 28 Sous
2942 516 60 18 une
3017 507 95 27 torme
3127 513 59 21 très
3204 512 199 23 concentrée.
3418 508 17 25 Il
3453 513 137 22 contient

2852 541 29 26 la
2896 542 83 28 (orce
2994 548 28 22 et
3037 543 30 28 la
3081 551 113 20 saveur
3203 541 41 29 de
3259 541 29 28 la
3303 541 157 29 meilleure
3475 544 115 27 viande

2853 577 40 26 de
2916 578 85 27 bœuf

2853 611 159 37 Employez
3030 613 112 37 Liebig,
3161 621 87 21 votre
3265 617 118 24 cuisine
3401 623 69 18 sera
3489 619 102 23 mieux

2852 648 73 27 faite
2946 657 30 20 et
2997 659 75 19 vous
3093 653 130 26 coûtera
3245 655 106 23 moins.

2252 708 435 79 EXTRAIT
2726 710 121 77 DE
2888 710 355 83 VIANDE
3286 710 309 83 LIEBIG

2256 793 266 38 AMÉLIORE
2564 798 59 33 LA
2667 797 211 35 CUISINE
2917 801 33 32 ©
2991 801 237 36 DIMINUE
3267 803 60 34 LA
3368 797 221 40 DÉPENSE

1181 3586 22 20 A
1217 3586 98 20 Dînant.
1328 3594 28 6 —
1371 3585 147 19 Arrestation
1533 3585 68 21 d'une
1617 3585 63 20 entô-

1157 3613 69 19 Ieuse.
1240 3622 28 5 —
1281 3611 34 20 La
1329 3611 75 23 police
1421 3611 28 19 de
1462 3611 91 19 Dînant
1566 3617 15 14 a
1595 3610 85 22 arrêté,

1159 3638 57 19 dans
1231 3637 23 19 la
1267 3642 57 19 gare
1339 3636 27 20 de
1381 3637 62 19 cette
1457 3636 60 21 ville,
1531 3640 30 15 au
1575 3636 105 20 moment

1154 3662 30 20 où
1202 3662 42 19 elle
1260 3660 141 26 r.'apprêtalt
1418 3660 15 21 à
1450 3661 100 24 prendre
1568 3666 32 16 un
1619 3661 64 20 train

1159 3692 58 19 pour
1232 3689 24 18 la
1271 3687 109 23 capitale,
1397 3686 87 20 Denise
1501 3686 114 24 Ruppert,
1633 3686 48 21 dite

1158 3713 128 22 Douchart,
1308 3712 28 19 de
1357 3712 128 20 Bruxelles.
1507 3712 34 19 La
1561 3711 68 20 veille
1651 3715 30 15 au

1160 3739 52 23 soir,
1233 3739 62 19 cette
1317 3738 95 21 femme,
1433 3736 58 25 âgée
1520 3737 28 20 de
1577 3737 25 19 22
1632 3741 49 17 ans,

1159 3763 76 21 s'était
1255 3763 89 21 rendue
1363 3767 30 17 en
1412 3762 143 20 automobile
1573 3761 16 20 à
1607 3760 74 22 Vonè-

1159 3789 49 23 che,
1229 3794 29 15 en
1278 3788 139 24 compagnie
1438 3787 53 20 d'un
1512 3789 47 20 ami
1581 3787 28 20 de
1631 3792 41 14 ren-

1159 3815 87 23 contre,
1261 3813 116 21 domicilié
1391 3813 16 20 à
1420 3813 128 21 Bruxelles,
1564 3813 31 19 lui
1611 3812 70 22 aussi.

1159 3840 65 21 Dans
1245 3838 79 22 l'hôtel
1345 3838 30 21 cù
1396 3839 28 20 ils
1446 3838 170 23 descendirent,
1637 3838 35 19 De-

1159 3866 50 20 nise
1233 3864 106 23 Ruppert
1362 3863 89 25 profita
1473 3864 28 22 de
1524 3869 26 14 ce
1572 3868 45 19 que
1638 3868 42 14 son

1159 3891 47 20 ami
1225 3889 59 21 était
1302 3890 49 20 ivre
1370 3894 59 20 pour
1448 3889 33 20 lui
1498 3889 122 20 subtiliser
1638 3893 42 16 son

1159 3915 155 24 portefeuille,
1338 3920 29 15 cn
1392 3915 94 19 enlever
1509 3919 32 15 un
1564 3914 66 20 billet
1654 3914 27 19 de

1158 3942 64 19 mille
1239 3942 82 19 francs
1339 3942 23 19 et
1380 3938 146 26 disparaître.
1543 3940 34 20 La
1594 3939 87 20 femme

1158 3965 79 22 s'était
1252 3966 47 22 fait
1314 3965 112 20 conduire
1443 3970 29 16 en
1489 3965 48 20 taxi
1554 3964 16 20 à
1585 3965 96 19 Dinant.

1159 3992 34 19 La
1213 3992 162 24 gendarmerie
1395 3991 28 19 de
1443 3990 146 23 Vencimont,
1608 3990 64 19 aussi-

1160 4016 35 22 tôt
1216 4016 122 27 prévenue,
1360 4016 75 19 alerta
1457 4016 22 20 la
1499 4016 74 23 police
1594 4017 29 19 de
1642 4015 30 19 Di-

1159 4042 66 23 nant,
1240 4043 40 22 qui
1296 4042 43 23 put
1355 4041 61 20 ainsi
1433 4040 92 21 arrêter
1541 4040 141 20 l'entôleuse.

1159 4067 93 20 Celle-ci
1266 4073 15 14 a
1294 4066 37 21 été
1344 4066 59 21 mise
1417 4071 54 15 tous
1484 4066 99 21 mandat
1596 4065 86 22 d'arrêt

1160 4096 24 20 et
1200 4091 96 23 écrouée
1313 4091 17 21 à
1346 4093 23 20 la
1386 4092 79 24 prison
1484 4092 27 19 de
1528 4091 96 22 Dinant.

1381 4124 27 23 ♦
1408 4124 21 23 ■
1431 4124 26 23 ♦

1157 4153 99 36 Cours
1276 4155 59 34 des
1354 4154 128 34 métaux
1500 4153 20 35 à
1541 4153 141 35 Londres

1282 4221 106 18 Mercredi
1408 4222 12 17 9
1437 4221 57 18 avril
1515 4221 46 18 1935

1158 4248 83 20 Cuivro
1265 4248 114 20 .Standard
1408 4260 42 8 ....
1499 4247 28 20 30.
1537 4248 36 21 V8
1608 4247 76 22 31,13,9

1463 4271 118 21 Comptnnt
1614 4273 4 13 i
1640 4275 42 12 imt

1155 4292 81 20 Cuivro
1250 4292 167 23 électrolytlque
1452 4304 19 7 ..
1521 4291 24 19 38
1604 4291 24 19 35

1424 4313 71 19 Couru
1508 4316 79 19 moyen
1600 4315 84 16 ach./v.

1482 4336 85 20 Compt.
1609 4334 11 18 3
1629 4334 55 18 mois

1158 4358 67 18 Etaln
1498 4356 35 18 223
1545 4355 37 19 4'8
1616 4356 47 18 2197
1676 4356 11 17 S

1156 4379 78 19 Plomb
1503 4377 62 20 12,1.3
1625 4377 62 19 12.6.3

1155 4402 54 18 Zino
1480 4399 73 18 12.16.3
1625 4398 62 19 13.1.3

1461 4422 120 19 Çomp'rint
1608 4420 11 16 1
1627 4424 44 14 m

1157 4444 85 23 Argent
1264 4444 68 18 barre
1474 4442 24 19 28
1510 4442 46 18 l'16
1605 4442 23 17 29
1641 4441 46 19 1/16

1157 4466 87 24 Argent
1268 4466 34 18 fin
1482 4464 24 18 31
1517 4464 23 18 4'
1544 4463 22 19 16
1602 4463 83 19 316/16

1180 4488 126 18 (Transmis
1320 4491 41 19 par
1375 4488 22 17 la
1412 4486 98 19 SocWteé
1525 4485 108 19 Générale
1647 4484 38 19 des

1156 4506 111 23 iïlnerals,
1280 4509 30 20 3)..
1324 4513 39 14 run
1375 4508 30 19 du
1419 4508 91 19 Marais,
1523 4507 13 18 à
1551 4506 134 19 Bruxelles).

1781 3278 35 31 La
1841 3279 140 31 neutralité
2005 3279 46 31 des
2075 3291 70 19 mers

1835 3327 27 25 et
1882 3321 39 32 les
1943 3322 149 31 Etats-Unis

1912 3385 164 24 Washington,
2094 3386 26 19 10
2136 3385 65 20 avril.

1732 3410 108 22 Certains
1863 3411 96 19 milieux
1989 3412 31 20 du
2048 3410 104 24 Congrès
2176 3409 53 20 sont

1707 3434 107 21 désireux
1837 3441 44 19 que
1904 3437 21 21 le
1948 3436 125 21 Président
2097 3437 34 19 far
2135 3441 25 14 se
2183 3439 45 15 une

1707 3460 144 21 déclaration
1870 3461 136 23 immédiate
2021 3467 43 16 sur
2081 3463 23 19 la
2122 3461 106 24 question

1706 3486 28 19 de
1750 3487 23 21 la
1788 3486 126 20 neutralité
1931 3488 40 20 des
1987 3492 63 15 mero
2061 3493 5 13 :
2084 3492 34 19 ]es
2134 3487 94 19 navires

1707 3511 95 20 battant
1821 3512 103 23 pavillon
1944 3512 128 20 américain
2094 3518 28 14 ne
2143 3510 77 21 bénéfi-

1709 3536 113 22 cieraient
1848 3537 112 22 d'aucune
1986 3538 131 23 protection
2149 3539 29 19 de
2207 3537 23 18 la

1708 3563 54 21 part
1785 3562 40 19 des
1849 3562 137 20 Etats-Unis
2016 3564 55 20 hors
2101 3563 39 20 des
2171 3566 59 15 eaux

1708 3587 161 21 territoriales.

1733 3612 32 19 Le
1781 3612 110 24 Congrès,
1907 3613 39 22 qui
1963 3614 107 20 travaille
2086 3612 142 22 activement

1708 3636 15 20 à
1739 3639 84 18 mettre
1840 3643 30 14 au
1889 3638 65 24 point
1970 3639 21 19 le
2008 3640 76 23 projet
2101 3639 28 19 de
2145 3638 75 19 limita-

1710 3662 49 20 tion
1781 3663 41 19 des
1842 3662 119 20 bénéfices
1983 3664 28 19 de
2030 3669 90 19 guerre,
2142 3663 88 24 penche

1709 3688 53 22 plus
1793 3692 45 19 que
1869 3688 87 23 jamais
1987 3694 53 15 vers
2071 3690 28 19 l'«
2114 3688 106 20 isolation-

1711 3713 75 19 nisme
1799 3720 12 11 »
1834 3717 24 18 et
1880 3714 103 21 certains
2006 3716 27 21 de
2056 3720 37 16 ses
2114 3714 117 19 membres

1710 3739 99 22 pensent
1823 3739 54 22 qu'il
1890 3739 75 20 serait
1979 3742 63 19 aussi
2057 3740 53 20 bien
2124 3738 107 21 d'établir

1708 3763 139 20 clairement
1862 3766 22 18 et
1898 3764 146 23 rapidement
2051 3770 45 19 que
2110 3766 33 18 les
2151 3765 78 18 Etats-

1709 3788 59 21 Unis
1786 3791 54 18 sont
1859 3787 99 25 décidés,
1976 3791 54 22 quel
2048 3791 55 23 qu'il
2121 3790 76 19 arrive
2216 3787 15 20 à

1710 3814 75 20 rester
1803 3813 16 20 à
1839 3813 80 23 l'écart
1940 3815 53 19 d'un
2013 3817 83 19 conflit
2116 3814 113 20 éventuel.

1931 3838 78 22 +>■*•

1779 3860 56 33 Une
1859 3872 16 19 ((
1887 3866 108 33 attaque
2016 3864 120 30 aérienne
2147 3874 18 19 »

1702 3903 139 31 au-dessus
1855 3902 63 32 d'un
1930 3903 131 39 faubourg
2072 3906 32 30 de
2117 3903 114 32 Londres

1960 3974 111 24 Londres,
2093 3975 25 19 10
2139 3973 65 20 avril.

1736 3998 31 20 Le
1781 3998 118 31 faubourg-
1911 4000 29 20 de
1953 3999 134 23 Chilehurst
2100 4000 15 19 à
2128 3998 102 20 Londres

1712 4029 15 15 a
1750 4023 36 22 été
1809 4025 21 22 le
1853 4020 93 26 théâtre
1969 4024 67 22 d'une
2058 4026 115 22 «attaque
2196 4022 27 20 aé-

1713 4049 80 20 rienne
1801 4055 18 14 ».

1737 4074 62 20 C'est
1817 4075 23 19 la
1859 4074 114 24 première
1992 4074 46 20 fois
2057 4080 44 19 que
2120 4076 23 19 la
2162 4078 61 19 popu-

1710 4100 73 20 lation
1802 4100 67 21 civile
1888 4100 113 24 participe
2019 4105 46 15 aux
2083 4099 147 25 expériences

1710 4125 28 19 de
1768 4125 131 25 protection
1931 4126 54 19 d'un
2014 4126 105 22 quartier
2150 4124 81 20 entier.

1709 4151 89 19 Tandis
1817 4151 84 23 qu'une
1923 4150 184 20 demi-douzaine
2128 4150 103 20 d'avions

1710 4176 67 20 civils
1798 4181 11 13 «
1816 4176 100 23 jetaient
1924 4182 11 12 »
1957 4177 40 20 des
2018 4176 102 22 bombes,
2141 4176 20 18 le
2182 4180 41 18 per-

1711 4206 81 19 sonne]
1808 4202 28 19 de
1852 4203 22 19 la
1888 4201 69 20 Croix
1971 4202 82 22 Rouge
2067 4201 118 20 secourait
2199 4201 33 18 les

1712 4233 11 12 «:
1731 4225 88 21 blessés
1831 4234 7 11 >
1856 4227 55 23 qu'il
1930 4226 108 21 évacuait
2055 4232 53 14 vers
2116 4226 39 19 des
2163 4230 69 14 caves

1709 4251 169 25 spécialement
1906 4250 146 25 aménagées.
2083 4252 21 19 Il
2134 4251 97 21 relevait

1712 4277 132 24 également
1863 4278 33 21 les
1915 4283 10 11 «
1933 4277 74 19 morts
2016 4283 18 14 ».

1737 4303 73 19 Outre
1827 4303 40 19 des
1883 4307 110 19 masques
2008 4301 15 20 à
2037 4307 49 19 gaz,
2101 4302 20 19 le
2137 4305 85 19 person-

1711 4329 39 19 nel
1779 4328 28 19 de
1835 4328 24 19 la
1888 4327 69 20 Croix
1978 4328 82 23 Rouge
2083 4327 88 24 portait
2192 4326 41 20 des

1711 4353 130 20 vêtements
1857 4352 111 24 spéciaux
1985 4357 59 19 pour
2061 4353 23 19 la
2101 4351 130 25 protection

1711 4380 81 20 contre
1807 4379 34 20 les
1856 4383 43 19 gaz
1916 4378 118 20 corrosifs.

1856 4430 236 32 PROPAGEZ

1710 4479 59 36 l\
1815 4478 201 37 NATION
2066 4478 164 36 BELGE

2267 950 58 66 Un
2358 952 145 65 nouvel
2528 951 237 66 arrêté-loi"
2779 956 10 65 1

2243 1070 28 31 Le
2286 1069 99 32 contrée
2400 1071 38 30 des
2452 1071 85 30 caisses
2552 1071 116 36 d'eparrne
2686 1077 86 30 puces

2348 1121 22 29 et
2385 1119 39 31 des
2445 1120 136 37 entreprises
2591 1121 77 29 au!res

2295 1174 42 31 que
2349 1169 31 30 îes
2393 1169 97 37 banques
2501 1170 26 29 de
2539 1166 62 40 dépô:
2614 1167 106 32 recevant

2383 1217 39 31 des
2437 1218 76 34 défô.s
2529 1217 99 37 d'argent

2275 1270 33 24 Le
2322 1271 126 22 Moniteur
2462 1271 32 23 du
2507 1271 69 28 jeudi
2590 1272 25 21 11
2631 1271 63 22 avril
2710 1271 59 23 1935

2244 1299 86 27 public
2349 1306 33 15 un
2400 1299 82 23 arrêté
2501 1301 70 26 royal
2592 1300 136 22 modifiant
2746 1301 24 21 et

2244 1325 154 35 complétant
2416 1326 100 24 l'arrêté
2534 1330 72 25 royal
2625 1328 33 22 du
2677 1328 28 22 lô
2725 1327 31 23 dé-

2244 1355 101 21 cembre
2366 1355 68 26 1934,
2454 1358 27 19 n°
2499 1355 38 26 42,
2556 1356 85 22 relatif
2660 1362 31 16 au
2710 1362 60 16 con-

2246 1384 6 19 l
2257 1382 51 24 rôle
2322 1383 44 22 des
2379 1383 94 22 caisses
2487 1382 134 31 d'épargne
2636 1384 99 28 privées
2747 1386 24 20 et

2246 1410 44 21 des
2310 1411 155 28 entreprises
2484 1414 84 20 autres
2588 1418 48 22 que
2656 1413 36 22 les
2712 1412 47 22 ban-

2245 1443 62 22 ques
2327 1438 31 22 de
2379 1437 76 30 dépôt
2475 1442 119 20 recevant
2616 1440 44 22 des
2681 1439 90 29 dépôts

2246 1460 121 33 d'argent,
2384 1468 22 20 et
2426 1466 66 23 voici
2510 1467 23 23 le
2551 1470 106 26 rapport
2674 1475 30 15 au
2723 1469 47 21 Roi

2245 1492 43 30 qui
2303 1493 109 28 précède
2425 1496 40 20 cet
2478 1494 93 23 arrêté:

2248 1527 110 22 .L'arrêté
2382 1530 64 21 royal
2469 1529 31 19 du
2522 1530 24 18 15
2569 1529 121 23 décembre
2712 1532 58 22 1934,

2247 1554 26 18 n*
2292 1553 33 22 42,
2345 1554 81 19 relatif
2446 1559 31 14 au
2496 1554 104 20 contrôle
2621 1556 41 19 des
2681 1555 88 21 caisses

2248 1576 125 25 d'épargne
2393 1577 91 25 privées
2512 1581 23 20 et
2562 1580 40 19 des
2628 1582 141 22 entreprises

2247 1605 80 19 autres
2342 1608 44 19 que
2403 1604 32 20 les
2452 1604 104 23 banques
2573 1606 27 18 de
2617 1605 75 24 dépôt,
2709 1611 51 14 rece-

2249 1630 58 19 vant
2331 1629 40 19 des
2395 1628 81 24 dépôts
2501 1630 111 25 d'argent,
2644 1631 48 20 doit
2722 1630 49 20 être

2248 1654 96 20 modifié
2367 1659 28 15 ou
2418 1653 115 24 complété
2555 1660 28 14 en
2605 1656 117 19 certaines
2743 1657 27 18 de

2248 1685 37 15 ses
2304 1679 157 23 dispositions.

2274 1705 33 18 La
2322 1706 94 21 plupart
2432 1706 27 18 de
2474 1709 38 15 ces
2525 1706 177 19 modifications
2710 1709 61 19 sont,

2248 1731 94 22 peut-on
2360 1730 56 22 dire,
2432 1732 28 18 de
2475 1735 58 18 pure
2550 1731 83 19 forme.
2649 1731 64 19 Elles
2729 1732 42 19 ont

2248 1759 58 19 pour
2322 1755 42 19 but
2380 1756 28 18 de
2425 1755 86 20 mettre
2527 1755 195 24 l'interprétation
2740 1758 30 18 du

2249 1781 62 19 texte
2324 1779 16 20 à
2354 1780 66 19 l'abri
2435 1781 27 20 de
2476 1782 65 20 toute
2555 1781 131 19 discussion
2699 1786 29 15 ou
2743 1785 28 16 de

2251 1804 114 21 remédier
2391 1804 16 21 à
2435 1810 46 15 une
2510 1811 10 13 c
2524 1806 97 19 mission
2650 1810 123 19 purement

2249 1831 136 22 matérielle.
2405 1831 47 19 C'ei*
2447 1836 6 8 :
2457 1833 10 17 t
2487 1832 20 18 le
2528 1836 41 14 cas
2590 1832 40 19 des
2652 1832 111 19 modifica-

2249 1857 61 20 tions
2330 1855 125 24 proposées
2473 1861 43 19 par
2533 1858 34 18 les
2584 1857 97 19 articles
2697 1858 39 22 1",
2753 1857 19 23 2,

2248 1881 18 20 3.
2283 1881 20 22 5,
2321 1881 12 19 6
2351 1883 24 19 et
2392 1882 13 18 7
2423 1882 30 18 du
2473 1882 76 23 projet
2568 1881 106 20 d'arrêté.
2691 1882 71 20 L'arti-

2247 1906 35 20 cle
2299 1907 32 18 1"
2347 1905 117 24 complète
2481 1908 5 18 1
2495 1907 83 21 article
2594 1907 25 19 16
2635 1908 27 18 de
2679 1907 93 19 l'arrêté

2249 1933 30 18 du
2296 1932 25 19 15
2339 1931 122 20 décembre
2478 1933 50 18 1934
2546 1939 28 14 en
2594 1931 118 24 précisant
2727 1938 45 18 que

2251 1958 20 18 le
2295 1957 129 24 règlement
2446 1959 28 18 de
2497 1957 104 20 contrôle
2624 1958 40 20 des
2686 1958 88 19 caisses

2249 1982 126 24 d'épargne
2408 1981 92 25 privées
2533 1988 59 14 aura
2625 1985 148 18 notamment

2249 2012 58 19 pour
2321 2008 64 23 objet
2401 2008 28 21 de
2446 2007 143 21 déterminer
2605 2008 32 19 le;
2654 2009 80 19 modes
2750 2011 22 17 et

2250 2032 21 22 la
2288 2033 135 25 proportion
2440 2034 39 19 des
2496 2034 144 22 placements
2656 2033 116 20 définitifs

2249 2059 117 19 autorisés
2386 2064 43 18 par
2449 2058 99 21 l'arrêté.
2568 2059 19 19 Il
2607 2059 117 22 convient,
2745 2064 28 14 en

2250 2084 66 22 effet,
2337 2089 59 18 pour
2416 2084 89 19 donner
2524 2084 65 19 toute
2607 2083 103 23 sécurité
2728 2089 47 15 aux

2252 2108 81 24 dépôts
2356 2114 44 18 que
2423 2110 32 19 les
2479 2109 111 24 capitaux
2612 2109 77 19 soient
2709 2114 57 19 sage-

2249 2137 64 18 ment
2333 2134 101 24 répartis
2452 2137 67 17 entre
2537 2135 33 19 les
2591 2135 103 20 diverses
2712 2134 52 21 caté-

2249 2160 76 23 gories
2345 2160 27 19 de
2391 2161 145 23 placements
2553 2159 124 21 autorisés.

2276 2185 107 19 L'article
2402 2186 13 19 2
2432 2191 26 14 se
2477 2185 91 23 justifie
2588 2190 44 18 par
2649 2185 124 19 lui-même.

2251 2210 43 20 Les
2314 2211 95 20 article^
2429 2211 19 22 3,
2468 2211 18 21 5,
2506 2211 13 18 6
2538 2213 24 18 et
2582 2211 13 19 7
2614 2213 127 21 apportent
2759 2210 16 20 à

2251 2235 92 20 l'arrêté
2363 2236 30 20 du
2411 2236 25 19 15
2455 2235 122 20 décembre
2597 2236 50 19 1934
2667 2236 40 19 des
2726 2241 41 14 cor-

2251 2261 100 19 rections
2369 2261 90 21 d'ordre
2478 2263 124 21 purement
2620 2260 107 20 matériel
2744 2266 30 14 ou

2250 2285 117 24 précisent
2387 2287 23 18 la
2430 2286 78 25 portée
2529 2287 40 18 des
2590 2287 81 21 textes.

2276 2311 48 19 Par
2345 2312 88 21 contre,
2454 2312 33 19 les
2509 2311 118 20 additions
2649 2311 126 24 proposées

2250 2341 43 18 par
2309 2337 97 19 l'article
2422 2338 12 18 4
2450 2337 15 19 à
2480 2337 97 19 l'article
2593 2337 24 19 32
2632 2339 55 19 sont
2703 2337 63 19 entiè-

2253 2364 90 17 rement
2365 2362 127 21 nouvelles;
2515 2362 55 20 elles
2592 2367 41 17 ont
2654 2367 59 19 pour
2734 2363 42 19 but

2252 2387 28 19 de
2305 2387 103 20 faciliter
2433 2388 202 20 transitoirement
2661 2388 108 23 l'applica-

2251 2412 48 19 tion
2330 2413 40 19 des
2399 2413 151 23 dispositions
2580 2413 120 19 nouvelles
2728 2418 47 15 aux

2249 2439 100 19 sociétés
2365 2438 135 21 existantes.
2517 2438 63 20 Elles
2595 2438 137 24 s'inspirent
2747 2439 28 18 de

2253 2463 91 21 l'arrêté
2364 2464 64 24 rcyal
2448 2464 30 19 du
2497 2464 25 19 15
2540 2464 95 19 octobre
2654 2464 51 19 1934
2724 2468 44 15 con-

2252 2490 99 18 cernant
2369 2489 33 19 les
2423 2488 105 24 banques
2549 2489 27 19 de
2597 2488 76 24 dépôt.

2283 2523 70 24 Voici
2368 2524 23 22 lc
2405 2525 67 22 texte
2487 2524 31 23 de
2533 2524 100 23 l'arrêté
2648 2523 83 29 royal:

2278 2566 89 18 Article
2385 2566 112 19 Premier.
2528 2576 27 4 —
2587 2566 34 19 La
2639 2566 138 23 disposition

2251 2591 109 19 suivante
2379 2595 36 17 est
2432 2590 93 24 ajoutée
2533 2590 15 20 à
2556 2591 97 19 l'article
2661 2592 25 19 16
2695 2593 22 18 in
2726 2593 50 22 fine

2253 2616 27 19 de
2298 2615 92 20 l'arrêté
2407 2617 64 23 royal
2490 2617 30 19 du
2537 2617 26 19 15
2579 2616 123 20 décembre
2719 2617 58 20 1934.

2253 2643 26 17 n"
2296 2642 27 18 42
2333 2646 6 14 :

2280 2673 11 12 «
2305 2667 20 19 Il
2344 2666 128 20 détermine
2489 2667 63 21 aus^i
2569 2668 33 18 les
2618 2667 81 19 modes
2714 2668 24 20 et
2754 2667 24 19 la

2253 2693 136 22 proportion
2409 2693 40 19 des
2469 2693 144 22 placements
2633 2692 122 19 définitifs.
2765 2698 11 13 »

2277 2718 50 19 Art.
2341 2718 19 18 2.
2375 2727 26 4 —
2414 2717 31 22 La
2462 2718 137 22 disposition
2614 2717 109 19 suivante
2739 2720 36 16 est

2254 2742 92 22 ajoutée
2361 2741 15 19 à
2389 2742 98 21 l'article
2501 2742 31 21 19,
2547 2743 23 17 in
2585 2742 56 21 fine,
2656 2742 30 18 du
2700 2741 76 20 même

2253 2765 77 19 arrêté
2341 2770 5 14 :

2278 2796 12 12 «
2304 2795 29 14 ou
2351 2794 44 18 que
2412 2795 27 14 sa
2457 2790 112 19 situation
2586 2790 130 22 financière
2733 2791 32 19 Im-

2254 2820 54 18 pose
2328 2817 61 18 cette
2408 2820 99 14 mesure.
2522 2821 12 13 »

2278 2846 51 22 Art.
2348 2846 20 19 3.
2387 2855 26 4 —
2433 2846 142 23 Remplacer
2593 2846 16 20 à
2627 2848 98 19 l'article
2744 2848 32 21 27,

2252 2871 29 22 2°.
2300 2872 34 19 les
2354 2872 62 18 mots
2434 2871 121 20 «souscrit
2573 2877 28 13 en
2622 2872 153 19 numéraire»

2255 2901 43 19 par
2321 2901 59 14 ceux
2402 2902 11 12 «
2420 2897 103 20 souscrit
2544 2902 30 14 en
2598 2896 133 21 numéraire
2754 2898 24 19 et

2255 2921 182 24 complètement
2458 2921 70 20 libéré
2537 2928 18 16 ».

2278 2953 50 20 Art.
2344 2953 18 19 4.
2376 2963 27 4 —
2417 2952 102 21 L'alinéa
2534 2954 95 19 suivant
2645 2957 35 18 est
2696 2953 79 24 ajouté

2254 2977 16 21 à
2290 2979 97 21 l'article
2409 2978 32 23 32,
2464 2979 30 20 du
2515 2979 76 19 même
2612 2979 85 25 arrêté,
2718 2979 16 20 à
2754 2981 23 18 la

2255 3004 60 19 suite
2340 3004 27 19 de
2390 3003 92 20 l'alinéa
2504 3004 22 19 l*
2528 3006 8 9 r
2547 3010 5 13 :

2281 3035 12 13 «
2306 3028 152 23 Néanmoins,
2479 3033 59 20 peur
2559 3030 33 21 lea
2614 3029 99 21 sociétés
2734 3035 44 19 par

2256 3055 97 22 actions,
2377 3054 101 23 existant
2502 3055 81 23 depuis
2605 3056 54 23 cinq
2681 3060 44 16 ans
2747 3061 31 13 au

2256 3080 82 21 moin?,
2356 3079 16 20 à
2391 3080 23 19 la
2434 3080 54 20 date
2508 3081 31 19 du
2558 3081 21 19 l"
2582 3083 7 9 r
2608 3081 93 23 janvier
2720 3081 58 21 1935,

2255 3107 19 20 le
2289 3105 86 24 capital
2389 3105 72 20 social
2474 3107 104 19 souscrit
2593 3111 28 15 en
2636 3105 141 23 numéraire,

2254 3136 28 14 ne
2297 3132 49 20 doit
2359 3130 49 20 être
2422 3135 44 18 que
2481 3132 54 18 d'un
2549 3132 88 19 million
2653 3132 28 19 de
2695 3132 80 19 francs

2254 3162 30 14 au
2304 3156 76 19 moins
2400 3156 181 23 complètement
2601 3156 90 20 libérés.
2706 3163 12 12 »

2281 3180 103 21 L'alinéa
2403 3181 58 22 final
2480 3182 96 23 suivant
2595 3183 36 19 est
2648 3182 80 24 ajouté
2746 3187 31 15 au

2256 3207 75 19 même
2349 3206 82 20 article
2441 3212 5 14 :

2282 3238 12 13 c
2307 3231 151 24 Néanmoins,
2478 3238 59 18 pour
2556 3234 33 18 les
2610 3232 98 22 sociétés
2728 3238 42 14 coo-

2256 3257 116 26 pératives
2392 3257 100 22 existant
2513 3259 81 22 depui«
2613 3259 54 22 cinq
2686 3263 43 16 ans
2748 3263 29 15 au

2256 3283 82 22 moins,
2352 3282 15 19 à
2382 3283 23 18 la
2420 3283 53 20 date
2489 3284 30 19 du
2534 3285 31 17 1"
2579 3284 93 23 janvier
2686 3284 58 22 1935,
2757 3286 21 18 le

2257 3309 69 18 fonds
2341 3308 73 19 rocial
2431 3310 102 19 souscrit
2551 3314 28 14 en
2597 3308 135 21 numéraire
2750 3314 29 15 ne

2258 3334 49 19 doit
2335 3333 49 19 être
2412 3338 44 18 que
2484 3335 28 18 de
2539 3335 86 20 400.000
2646 3335 81 20 francs
2748 3339 31 14 au

2256 3359 82 22 meins,
2358 3357 181 24 complètement
2558 3358 92 25 libérés,
2668 3365 57 14 t-ous
2745 3359 24 21 ré-

2257 3389 66 14 serve
2344 3384 27 21 de
2391 3384 156 23 l'application
2568 3385 40 20 des
2627 3385 80 19 autres
2726 3390 44 14 con-

2257 3410 86 20 ditions
2362 3408 98 24 prévues
2477 3410 15 20 à
2510 3410 92 20 l'alinéa
2619 3409 133 24 précédent.
2766 3416 12 13 »

2282 3441 51 19 Art.
2349 3440 19 20 5.
2384 3450 28 5 —
2427 3440 31 20 Le
2474 3444 25 17 n"
2515 3443 13 18 4
2546 3442 27 19 de
2591 3442 97 19 l'article
2704 3442 26 19 33
2748 3442 30 19 du

2257 3466 76 20 même
2350 3465 77 21 arrêté
2445 3470 34 16 est
2497 3466 117 25 remplacé
2632 3472 44 20 par
2693 3467 23 21 la
2734 3467 36 18 dis-

2257 3491 101 24 position
2373 3491 108 21 suivante
2492 3497 5 15 :

2283 3523 12 12 <
2310 3517 78 19 Fonds
2407 3517 28 19 de
2452 3518 72 20 l'Etat
2540 3518 67 23 belge
2624 3522 29 16 ou
2671 3517 107 23 garantis

2259 3547 43 19 par
2325 3542 97 23 celui-ci.
2445 3542 69 22 fonds
2539 3544 27 18 de
2591 3545 22 18 la
2637 3543 89 19 colonie
2749 3547 30 14 ou

2258 3568 109 23 garantie
2389 3572 44 18 par
2452 3569 95 23 celle-ci,
2569 3567 140 25 obligations
2739 3567 41 19 des

2259 3593 123 23 provinces
2412 3595 24 17 et
2463 3594 40 19 des
2531 3598 136 15 communes
2695 3592 84 24 belges,

2259 3618 141 23 obligations
2430 3617 30 20 du
2488 3618 80 20 Crédit
2590 3619 138 20 Communal
2752 3617 27 19 de

2260 3643 119 24 Belgique,
2401 3643 28 19 de
2451 3644 22 19 la
2496 3643 91 21 Société
2610 3643 118 19 nationale
2752 3643 27 18 de

2259 3668 81 20 Crédit
2368 3668 16 19 à
2413 3668 138 23 l'Industrie,
2581 3670 27 18 de
2637 3670 22 17 la
2688 3666 90 20 Société

2259 3694 119 19 nationale
2400 3694 40 18 des
2459 3694 109 20 Chemins
2589 3695 28 21 de
2637 3694 36 19 fer
2693 3693 85 22 belges,

2259 3720 29 19 de
2309 3720 23 19 la
2354 3718 91 20 Société
2466 3720 118 20 nationale
2606 3720 40 18 des
2668 3717 110 20 Chemins

2259 3745 28 20 de
2306 3745 37 19 fer
2362 3744 114 22 vicinaux,
2494 3746 77 20 toutes
2589 3745 79 20 autres
2685 3743 93 18 valeurs

2258 3768 130 22 autorisées
2407 3774 43 18 par
2469 3770 20 20 le
2507 3771 107 19 Ministre
2634 3769 39 19 des
2693 3768 75 18 Finan-

2256 3799 48 18 ces;
2325 3799 102 15 avances
2446 3799 41 15 sur
2507 3796 34 20 les
2560 3794 88 21 mêmes
2667 3793 69 19 fonds
2755 3793 23 19 et

2261 3820 99 19 valeurs.
2374 3826 12 12 »

2285 3845 31 21 Le
2338 3846 25 18 n°
2383 3845 13 19 8
2417 3844 30 19 du
2465 3844 76 21 même
2562 3844 81 21 article
2663 3845 35 19 ect
2719 3847 49 15 rem-

2260 3870 65 25 placé
2343 3875 44 19 par
2403 3871 23 18 la
2444 3869 135 25 disposition
2598 3868 105 21 suivante
2714 3872 6 15 :

2287 3901 11 13 «.
2312 3896 22 19 8°
2356 3896 39 19 S'il
2415 3895 69 23 s'agit
2505 3897 27 19 de
2553 3893 97 23 sociétés
2671 3891 99 26 coopéra-

2260 3921 66 22 tives,
2346 3921 130 20 utilisation
2501 3926 45 19 par
2572 3923 22 19 la
2621 3917 85 22 société
2726 3918 53 19 elle-

2262 3946 76 19 même
2363 3951 59 19 pour
2447 3946 39 20 des
2511 3946 132 24 opérations
2668 3948 104 14 commer-

2261 3972 72 20 ciales
2354 3973 108 18 rentrant
2482 3972 58 22 dana
2560 3972 21 20 le
2600 3970 68 21 cadre
2689 3969 27 19 de
2737 3973 42 15 son

2261 3997 96 20 activité
2377 3996 169 21 commerciale.
2560 4003 12 13 »

2285 4029 51 19 Art.
2349 4029 19 19 6.
2382 4039 26 4 —
2421 4028 43 21 Les
2479 4029 61 19 mots
2554 4035 11 13 c
2574 4026 139 24 entreprises
2726 4029 44 17 sou-

2260 4054 70 20 mises
2348 4059 29 15 au
2396 4055 95 22 présent
2507 4053 77 21 arrêté
2593 4060 10 12 »
2620 4052 38 23 qui
2674 4051 106 23 figurent

2260 4079 15 20 â
2289 4080 97 20 l'article
2399 4080 25 19 42
2439 4082 53 18 sont
2506 4076 127 27 remplacés
2648 4082 42 18 par
2704 4081 58 14 ceux
2772 4081 5 14 :

2261 4110 12 13 *
2288 4105 142 23 entreprises
2448 4104 115 22 soumises
2582 4103 15 21 à
2607 4100 31 23 *la
2658 4102 90 19 section
2768 4102 11 18 I

2261 4132 30 19 du
2311 4129 95 24 présent
2426 4128 77 21 arrêté
2517 4136 18 15 ».

2287 4161 52 21 Art.
2359 4162 20 19 7.
2406 4171 28 4 —
2461 4161 31 19 Le
2515 4159 117 21 deuxième
2655 4156 77 22 alinéa
2753 4157 28 21 de

2260 4187 98 19 l'article
2378 4187 25 18 44
2424 4186 30 19 du
2476 4185 75 21 même
2570 4184 77 21 arrêté
2666 4186 36 18 est
2722 4188 49 15 rem-

2260 4210 65 26 placé
2344 4217 43 18 par
2404 4214 23 19 la
2445 4211 136 23 disposition
2596 4209 109 21 suivante
2715 4213 6 15 :

2288 4243 11 12 «
2314 4237 59 19 Sont
2392 4238 69 22 punis
2481 4237 40 19 des
2540 4236 87 20 mêmes
2648 4235 80 24 peines
2746 4234 34 19 les

2261 4262 212 22 administrateurs,
2491 4262 133 21 directeurs,
2639 4259 97 25 gérants
2751 4264 29 16 ou

2261 4286 111 25 préposés
2390 4288 28 18 de
2434 4287 64 20 toute
2515 4286 128 23 entreprise
2660 4284 63 20 visée
2739 4289 43 19 par

2260 4314 21 18 le
2300 4312 96 24 présent
2414 4311 84 23 arrêté,
2516 4313 38 22 qui
2573 4316 29 15 ne
2621 4316 25 14 se
2664 4312 54 18 sont
2737 4315 42 18 pas

2262 4337 134 21 conformés
2416 4342 46 14 aux
2481 4336 166 24 prescriptiona
2667 4336 40 19 des
2727 4336 46 19 arti-

2260 4364 48 20 cles
2325 4363 19 22 9.
2362 4363 32 21 10,
2412 4363 33 21 11,
2461 4362 32 22 12,
2511 4363 25 19 13
2554 4365 23 17 et
2593 4361 25 20 33
2636 4362 30 19 du
2685 4359 95 25 présent

2262 4387 78 21 arrêté
2370 4388 91 20 relatifs
2485 4392 46 15 aux
2553 4387 143 24 placements
2726 4386 56 19 dont

2261 4419 39 15 ces
2318 4413 141 23 entreprises
2476 4415 42 18 ont
2533 4414 25 19 la
2573 4412 98 24 gcction.
2684 4417 12 12 »

2285 4451 51 22 Art.
2354 4451 18 19 8.
2389 4461 28 4 —
2431 4451 31 21 Le
2481 4450 107 20 Ministre
2607 4450 40 21 des
2664 4449 115 19 Finances

2262 4478 37 19 est
2320 4475 87 24 chargé
2429 4476 28 19 de
2478 4474 136 25 l'exécution
2636 4477 30 19 du
2688 4473 95 25 présent

2260 4501 84 20 arrêté.

2836 954 125 58 Les
2993 954 347 59 Théâtres
3377 961 38 53 à
3454 957 380 59 Bruxelles

2819 1079 144 17 MONNAIE.
2986 1087 24 5 —
3034 1078 154 22 Aujourd'hui,
3213 1079 15 17 à
3250 1078 25 18 20
3296 1080 30 17 11..

2795 1100 56 18 12uu<j
2872 1105 5 12 i
2883 1101 164 21 epiL-Huntation
3067 1105 26 13 ue
3112 1107 11 10 «
3144 1101 70 17 1-aust
3232 1106 18 14 »,
3270 1103 55 15 avvc

2794 1122 70 17 Mmes
2881 1123 23 16 Y.
2919 1122 57 21 Call,
2991 1123 26 16 de
3032 1122 95 22 l'Opéra,
3143 1121 113 22 Rambert,
3272 1121 53 18 MM.

2794 1143 96 22 AJcalde,
2909 1144 26 17 du
2953 1147 22 14 la
2992 1144 66 17 Scala
3075 1144 26 17 de
3119 1144 76 20 Milan,
3216 1144 47 17 Van
3282 1145 42 16 Oo-

2794 1169 74 18 oei'['ii,
2886 1165 93 18 Mancel.
2996 1167 18 16 A
3030 1166 59 17 cette
3104 1166 110 20 occasion,
3230 1165 14 17 à
3260 1164 64 19 l'acte

2792 1188 27 17 de
2834 1189 6 16 1
2850 1187 82 22 Kglise,
2947 1187 13 17 1'
2977 1193 10 11 «
3002 1188 47 16 Avo
3064 1187 69 18 Maria
3150 1193 18 16 »,
3184 1187 27 17 de
3227 1191 95 13 ;<:;:..:,

2791 1214 51 13 sera
2855 1208 82 19 enanté
2951 1213 40 18 par
3004 1210 73 16 toutes
3091 1209 32 17 les
3135 1208 77 18 dames
3224 1207 99 20 artiste*.

2793 1240 22 4 —
2835 1230 109 18 Vendredi
2964 1232 28 19 12,
3011 1230 14 17 à
3043 1230 23 17 2n
3084 1231 29 20 h.,
3132 1230 101 18 dernière
3252 1234 62 17 repré-

2791 1254 113 16 sentation
2919 1253 26 17 de
2961 1258 10 12 «
2986 1252 67 17 Thaïs
3070 1259 9 10 »
3094 1256 54 13 avec
3164 1252 58 17 Mme
3237 1251 87 18 Marine

2796 1274 145 23 Nespuulou»,
2967 1274 27 17 de
3019 1274 95 21 l'Opéra,
3141 1273 53 17 MM.
3222 1272 103 22 Richard,

2792 1296 66 18 Lens.
2876 1304 22 4 —
2917 1295 90 18 Samedi
3026 1295 28 21 1,1,
3073 1295 15 18 à
3107 1295 22 17 19
3147 1295 29 20 h.,
3196 1300 11 11 «
3226 1294 30 18 Le
3272 1294 42 18 Cré-

2794 1318 90 22 puscule
2908 1317 39 18 des
2972 1317 71 17 Dieux
3067 1325 12 8 »
3107 1320 35 13 (en
3168 1317 80 20 langue
3273 1315 51 19 alfe-

2792 1340 89 18 mande)
2902 1343 55 13 avec
2976 1338 57 18 Mme
3053 1338 12 17 *
3073 1350 5 5 .
3099 1338 83 20 Lelder,
3202 1339 26 15 A.
3249 1337 74 21 Vo-ji-1,

2791 1362 22 17 d.
2829 1361 85 20 Kalter,
2932 1361 53 17 MM.
3001 1361 29 17 M.
3049 1360 89 19 Lorenz,
3156 1360 26 17 A.
3199 1359 86 21 Kipnls,
3303 1359 21 17 J.

2792 1383 107 20 Groenen,
2916 1383 28 17 A.
2961 1381 95 19 Hablch.
3071 1391 24 3 —
3112 1380 123 18 Dimanche
3251 1381 29 20 14,
3297 1383 27 16 cil

2792 1405 96 17 matinée
2912 1404 14 18 à
2942 1404 23 18 14
2979 1404 30 20 h.,
3028 1409 10 12 «
3055 1403 30 18 Lc
3101 1403 74 18 Baron
3191 1403 97 20 Tzigane
3304 1410 20 10 --,.

2793 1431 54 13 avec
2869 1426 70 18 Mmes
2962 1426 77 17 Lfvine
3062 1425 104 18 Mertens,
3191 1424 31 17 De
3245 1424 79 19 Gavr.*,

2794 1449 97 20 Ballard,
2919 1448 131 20 Ramakers,
3077 1446 52 18 MM.
3155 1447 65 19 Ler.s,
3246 1445 79 22 Boyer,

2793 1472 81 20 ir'arny,
2889 1469 92 22 Maricq;
2996 1469 19 17 le
3029 1469 51 20 soir,
3094 1469 14 17 à
3121 1468 24 18 20
3156 1468 30 21 h.,
3201 1473 10 12 «
3225 1467 32 18 La
3271 1468 44 16 Pas-

2791 1492 48 17 sion
2856 1498 18 14 »,
2890 1495 54 14 avec
2960 1491 58 18 Mme
3034 1491 120 21 Domancy,
3170 1489 69 19 Hilda
3253 1488 71 24 Nyrfa,

2793 1514 119 19 Floriaval,
2938 1513 52 17 MM.
3015 1512 180 22 Rogatchevsky,
3220 1510 105 18 Richard.

2792 1535 90 20 Resnlk,
2901 1535 103 18 Colonne.
3019 1543 24 4 —
3060 1533 71 18 Lundi
3149 1534 28 20 15,
3195 1533 14 17 à
3225 1537 15 18 à
3255 1532 23 18 20
3293 1532 14 17 h
3318 1544 5 8 ,

2795 1557 33 17 lre
2859 1556 176 22 représentation
3068 1555 111 22 (reprise),
3210 1554 26 18 de
3268 1560 11 12 «
3303 1553 23 18 Si

2792 1578 74 21 j'étais
2880 1578 39 17 Roi
2933 1584 18 14 »,
2965 1582 54 13 avec
3033 1577 70 17 Mmea
3115 1577 117 20 Clairbert,
3247 1576 55 17 Den!
3305 1580 5 4 -
3310 1580 6 12 :

2794 1599 53 19 MM.
2868 1600 88 20 Tho.m.,
2978 1599 105 20 Andrlcn,
3105 1599 83 20 Parny.
3209 1607 24 4 —
3253 1596 72 18 Mardi

2794 1621 27 22 16,
2839 1622 14 17 à
2869 1622 24 18 20
2909 1621 29 21 h.,
2958 1627 10 12 <r
2986 1621 31 17 La
3035 1621 104 17 Favorite
3157 1626 18 14 »,
3193 1623 55 14 avec
3266 1620 58 17 Mme

2794 1642 39 18 Del
2835 1646 55 18 mar,
2912 1643 52 17 MM.
2987 1643 64 19 Lens,
3074 1642 103 20 Richard,
3200 1641 123 17 Demoulin.

2818 1664 83 18 PARC.
2917 1673 24 4 —
2956 1664 32 17 La
3002 1663 108 18 centième
3125 1664 27 17 de
3168 1670 11 10 «
3195 1662 103 19 M'Voula
3314 1668 10 11 n

2794 1689 14 13 a
2832 1686 45 21 pris
2901 1685 31 18 les
2957 1686 138 21 proportions
3118 1685 52 17 d'un
3194 1683 131 20 événement

2794 1711 39 13 car
2851 1711 28 13 on
2896 1709 88 20 compte
3001 1711 40 13 sur
3060 1707 31 17 les
3110 1707 73 21 doigts
3203 1707 31 16 les
3252 1704 73 29 pièces

2794 1729 38 21 qui
2850 1730 40 15 ont
2910 1728 43 19 fait
2972 1729 14 17 â
3007 1729 114 17 Bruxelles
3140 1728 63 17 aussi
3222 1728 103 17 brillante

2794 1750 103 17 carrière.

2820 1772 31 17 La
2873 1771 54 18 belle
2949 1775 75 13 œuvre
3045 1771 26 17 de
3093 1771 86 18 Chalux
3201 1770 83 18 suscite
3306 1771 19 16 le

2794 1793 44 17 rire
2856 1794 23 16 et
2896 1792 119 18 l'émotion.
3034 1792 74 22 Quant
3125 1796 14 17 â
3157 1793 20 17 la
3196 1792 128 17 réalisation

2796 1814 21 18 la
2834 1819 74 17 presse
2924 1816 35 16 est
2975 1815 104 16 unanime
3095 1815 13 17 à
3124 1815 21 16 la
3161 1814 99 17 déclarer
3276 1817 41 18 par-

2796 1835 63 19 faite.
2879 1836 32 17 La
2930 1836 55 17 mise
3004 1840 26 13 en
3049 1835 65 18 scène
3133 1838 35 14 est
3188 1834 138 22 magnifique

2795 1859 23 16 et
2838 1858 22 17 la
2880 1857 141 18 distribution
3042 1857 161 18 extrêmement
3223 1857 103 17 brillante

2795 1883 56 13 avec
2871 1879 22 18 la
2913 1881 78 19 troupe
3010 1879 126 21 congolaise
3157 1883 22 13 et
3211 1879 50 16 tous
3295 1877 31 19 lia

2796 1900 121 21 créateurs,
2936 1901 81 17 Ernest
3036 1901 72 21 Ferny
3125 1901 22 16 et
3166 1900 96 20 Georges
3281 1900 46 16 Ma-

2796 1923 44 17 this
2855 1927 28 13 en
2898 1922 53 18 tête-

2821 1944 128 20 Dimanche,
2964 1943 104 20 matinée,
3082 1943 27 17 de
3122 1947 25 13 ce
3161 1942 110 22 spectacle
3286 1946 41 17 que

2796 1966 49 17 tout
2862 1966 19 17 le
2898 1965 78 18 monde
2993 1966 51 21 peut
3061 1965 22 17 et
3100 1965 45 17 doit
3162 1964 55 18 aller
3234 1964 54 17 voir.

2821 1988 52 16 Prix
2887 1987 38 17 des
2940 1987 74 22 places
3031 1991 5 13 :
3050 1986 27 17 de
3090 1987 12 17 5
3113 1987 15 16 à
3140 1986 24 18 30
3177 1986 29 17 fr.

2822 2008 152 19 GALERIES.
2999 2017 24 4 —
3048 2008 149 17 L'inimitable
3222 2008 107 19 Arn*.uay

2799 2031 108 22 triomphe
2929 2032 50 16 tous
3002 2030 31 17 les
3054 2030 57 17 soirs
3134 2029 56 18 dans
3213 2034 9 11 «
3245 2029 42 21 Fig
3310 2033 19 12 .e

2798 2053 113 17 Vertueux
2927 2058 18 14 »,
2963 2051 98 18 comédie
3078 2051 115 17 iollement
3210 2054 119 14 amusante

2799 2075 26 17 de
2849 2075 58 17 Mme
2932 2074 125 19 Acrement,
3083 2073 96 17 l'auteur
3202 2072 26 17 de
3253 2078 11 12 a
3287 2072 43 17 Ces

2799 2096 81 17 Da.nes
2899 2099 45 14 aux
2963 2095 121 21 Chapeaux
3105 2095 8 7 '
3116 2094 7 12 r
3124 2095 47 17 erta
3191 2099 19 12 *.

2821 2118 89 18 Samedi
2929 2117 28 20 13,
2975 2117 14 18 à
3007 2117 23 17 14
3047 2116 22 18 h.
3086 2116 29 20 30,
3135 2115 96 18 matinée
3247 2115 15 18 à
3280 2115 49 22 prix

2798 2139 92 18 réJuits.

2822 2161 30 17 Le
2870 2160 106 18 mercredi
2994 2160 23 17 17
3035 2163 55 14 aura
3108 2159 42 17 lieu
3168 2162 44 14 aux
3231 2158 98 18 Galeries

2799 2183 22 17 la
2846 2182 106 23 première
2977 2181 27 18 de
3030 2181 22 18 la
3074 2180 99 18 création
3198 2184 28 13 en
3250 2180 80 21 langue

2799 2205 112 21 française
2932 2204 27 17 de
2980 2210 11 11 «
3012 2203 126 17 New-York
3159 2202 62 21 Baby
3242 2207 19 15 »,
3279 2205 41 18 opé-

2798 2227 56 17 rette
2869 2231 14 17 à
2897 2225 71 22 grand
2982 2224 111 23 spectacle
3108 2228 26 13 en
3150 2225 10 16 4
3176 2223 111 20 tableaux,
3303 2223 26 17 de

2799 2247 52 20 MM.
2873 2248 52 17 Max
2946 2248 22 16 et
2990 2247 59 16 Max.
3071 2246 32 17 La
3124 2245 103 23 partition
3248 2246 35 17 est
3303 2245 27 17 de

2800 2270 57 17 Mme
2883 2270 79 20 Fanny
2988 2268 87 18 Gordon
3100 2268 53 17 dont
3176 2268 22 17 la
3222 2267 107 21 musique,

2799 2295 82 17 conçue
2899 2291 56 17 dans
2973 2290 19 17 le
3011 2290 48 22 plus
3078 2294 39 17 pur
3134 2289 57 21 style
3209 2288 44 21 hot,
3270 2293 48 13 com-

2800 2314 61 21 porte
2883 2312 125 22 cependant
3030 2316 42 13 une
3093 2311 57 17 série
3172 2311 68 17 d'airs
3262 2310 57 18 chan-

2799 2335 62 17 tants
2875 2334 52 21 déjà
2940 2333 98 18 célèbres
3053 2338 26 12 en
3096 2332 124 22 Amérique.
3236 2332 83 18 L'inter-

2800 2356 110 22 prétation
2932 2356 26 17 de
2980 2361 10 11 a
3010 2355 63 18 New-
3076 2355 58 17 York
3156 2354 62 21 3aby
3240 2360 10 11 »
3270 2357 48 14 com-

2801 2378 68 22 prend
2887 2377 144 22 uniquement
3049 2377 38 17 des
3106 2376 106 18 vedettes.
3232 2376 32 17 En
3284 2376 45 17 tête

2800 2400 26 17 de
2845 2400 23 17 la
2887 2399 140 18 distribution
3046 2399 71 17 citons
3137 2398 62 17 Mlles
3218 2397 71 18 Violet
3307 2399 22 15 cl

2801 2422 83 21 Gladys
2902 2421 104 17 Warland
3024 2421 22 17 et
3063 2420 29 17 M.
3110 2420 108 17 Festerat.
3235 2420 18 16 A
3270 2419 59 17 leurs

2801 2443 61 18 côtés
2886 2447 28 13 on
2938 2446 66 14 verra
3029 2442 53 18 Faul
3105 2442 84 17 Ramon
3213 2441 21 17 et
3259 2440 70 18 Mmes

2802 2464 124 23 Popielska,
2951 2464 26 17 de
3002 2464 104 17 Beaulieu
3130 2464 22 16 et
3175 2463 22 18 la
3220 2462 109 18 danseuse

2802 2487 94 17 hindoue
2918 2486 70 18 Maita
3010 2485 84 19 Osslza.

2826 2508 138 18 L'orchestre
2986 2512 50 13 sera
3057 2511 51 13 sous
3131 2506 20 18 la
3175 2505 105 19 direction
3303 2505 27 17 de

2802 2531 28 17 M.
2849 2530 81 17 Marcel
2949 2530 26 17 de
2993 2529 87 19 Ridder,
3098 2528 31 18 les
3146 2528 81 17 danses
3244 2527 85 22 réglées

2802 2556 40 18 par
2859 2552 29 17 M.
2906 2551 82 18 Poloff.
3006 2551 31 17 La
3054 2551 54 17 mise
3125 2554 26 13 en
3169 2549 65 18 scène
3251 2550 35 16 est
3303 2548 26 18 de

2802 2574 28 17 M.
2851 2573 51 18 Max
2923 2573 72 17 Péral.
3015 2573 32 17 La
3066 2571 105 24 première
3190 2570 129 22 représenta-

2801 2596 45 17 tion
2862 2600 51 12 sera
2930 2594 83 18 donnée
3028 2599 29 13 au
3073 2593 98 20 bénéfice
3185 2593 40 17 des
3241 2596 89 14 œuvres

2802 2617 204 22 philanthropiques
3021 2616 26 17 de
3063 2615 22 18 la
3101 2619 74 18 presse
3191 2614 70 22 belge.
3279 2613 51 18 Prix

2801 2639 38 17 des
2855 2639 72 22 places
2942 2639 26 17 de
2982 2638 11 18 4
3007 2638 14 18 à
3035 2637 24 19 40
3072 2637 29 18 fr.

2824 2666 103 18 PALAIS
2947 2665 53 18 DES
3021 2664 190 18 BEAUX-ARTS.
3230 2672 23 5 —
3273 2663 55 18 Poui

2798 2692 41 13 son
2856 2688 34 17 12e
2905 2689 22 16 et
2942 2687 87 18 dernier
3043 2686 110 22 spectacle
3168 2686 25 17 d-
3210 2685 20 17 la
3245 2685 83 17 saison,

2802 2710 21 17 la
2847 2709 86 17 Société
2957 2709 37 17 de.s
3020 2708 87 18 Grands
3131 2706 126 23 Spectacles
3283 2707 48 17 fe.i

2801 2730 139 22 représenter
2963 2736 11 11 «
2998 2730 82 17 Esther
3102 2737 20 14 »,
3146 2729 26 17 de
3195 2728 91 19 Racine,
3312 2728 19 17 le

2800 2752 60 20 jeudi
2880 2752 20 17 11
2919 2751 64 19 avril,
3003 2755 27 13 en
3050 2750 96 18 matinée
3164 2751 23 17 et
3205 2754 27 13 en
3252 2749 78 18 soirée.

2800 2774 23 16 M
2829 2778 28 12 ne
2877 2773 78 21 Fanny
2976 2773 105 19 Robiane,
3101 2773 25 17 de
3145 2772 98 18 l'Odéon.
3263 2772 58 17 inter-

2801 2795 87 21 prétera
2908 2795 19 17 le
2946 2794 44 17 rôle
3011 2794 104 17 d'Esther
3141 2793 105 18 entourée
3265 2793 66 17 d'un*;

2800 2818 76 19 troupe
2897 2816 19 17 d'
2919 2816 92 17 artistes
3030 2816 26 17 de
3076 2816 94 21 premier
3189 2815 59 22 plan.
3267 2814 41 17 Cet
3309 2816 7 10 T
3319 2818 12 12 c

2800 2838 183 21 représentation,
3002 2837 14 17 à
3035 2837 94 21 laquelle
3147 2838 49 16 tout
3214 2836 20 17 le
3253 2835 78 18 r*onie

2802 2862 51 19 peut
2877 2859 102 18 assister,
3004 2857 91 19 réunira
3119 2858 19 17 le
3164 2857 70 22 grand
3262 2856 71 22 public

2799 2882 104 16 amateur
2916 2881 66 16 d'art.

2825 2902 77 17 Places
2922 2902 26 17 de
2965 2901 12 18 S
2995 2900 14 18 à
3028 2900 23 19 30
3070 2900 28 18 fr.
3117 2900 106 17 Location
3242 2903 30 14 au
3292 2899 33 17 Pa-

2800 2923 41 17 lais
2860 2923 38 17 des
2919 2923 147 19 Beaux-Arts,
3086 2922 26 18 de
3131 2923 20 16 il
3171 2922 14 17 à
3205 2921 21 17 17
3244 2921 88 17 heures.

2801 2945 121 17 Réduction
2938 2944 26 18 de
2979 2944 24 18 50
3020 2948 19 18 p.
3056 2947 19 14 c.
3090 2946 47 15 aux
3154 2942 140 23 professeurs
3310 2943 22 16 tt

2800 2966 80 18 élèves.

2825 2992 173 18 ALHAMBRA.
3022 3000 24 5 —
3069 2992 20 17 Il
3112 2991 38 21 n'y
3174 2995 57 13 aura
3254 2990 81 23 qu'une

2801 3014 61 18 seule
2884 3014 97 18 matinée
3009 3013 54 18 celle
3086 3013 26 18 de
3132 3013 124 19 dimanche,
3278 3012 57 18 dans

2801 3037 22 17 la
2843 3036 83 22 reprise
2945 3036 30 17 du
2996 3041 11 12 «
3027 3035 60 22 Pays
3106 3035 29 17 du
3156 3034 89 18 Sourire
3265 3040 11 10 »
3296 3034 39 21 qui

2802 3059 85 16 fournit
2908 3057 119 19 l'occasion
3048 3062 28 12 iu
3111 3056 73 23 public
3216 3056 119 17 bruxellois

2802 3079 128 18 d'entendre
2949 3079 20 18 le
2988 3079 65 17 ténor
3072 3078 77 18 Allard
3169 3078 87 20 Lostra,
3276 3079 59 16 cetie

2803 3102 100 17 nouvelle
2922 3101 65 17 étoile
3008 3101 27 18 de
3054 3101 52 17 l'art
3124 3100 40 18 des
3183 3100 89 18 chants.
3292 3099 42 18 Les

2802 3123 189 22 représentations
3010 3127 27 13 ne
3054 3123 97 21 peuvent
3168 3121 55 19 aller
3239 3126 29 13 au
3287 3121 48 17 de:à

2802 3145 29 18 du
2852 3145 28 20 18,
2901 3145 22 18 la
2943 3145 102 17 fameuse
3064 3143 83 20 dlvette
3168 3143 69 18 Marie
3258 3143 77 18 Dub.is

2801 3168 97 17 ouvrant
2916 3167 19 17 le
2953 3166 124 18 lendemain
3095 3166 21 17 la
3133 3166 57 17 série
3207 3165 39 18 des
3261 3167 65 21 repré-

2801 3188 126 19 sentations
2943 3188 79 23 qu'elle
3039 3192 27 13 va
3083 3188 89 19 donner,
3188 3186 104 19 entourée
3309 3186 26 17 de

2803 3211 21 18 la
2844 3211 49 22 plus
2913 3210 132 18 formidable
3064 3211 78 20 troupe
3162 3210 26 17 de
3208 3207 126 19 music-hall

2803 3233 27 17 du
2844 3233 105 17 moment.
2963 3232 18 17 Il
2994 3236 13 17 y
3020 3235 56 14 aura
3089 3231 97 18 matinée
3198 3231 26 17 de
3236 3235 25 12 ce
3273 3233 51 18 spec-

2801 3255 58 17 tacle
2872 3254 14 17 à
2899 3254 22 18 15
2934 3254 30 21 h.,
2978 3254 32 17 les
3023 3253 29 21 20,
3067 3254 29 19 21,
3110 3253 29 21 22,
3154 3253 29 21 25,
3197 3252 29 20 27,
3241 3251 23 18 28
3276 3250 56 18 avril

2802 3277 23 17 et
2838 3276 11 17 2
2864 3276 51 17 mal.

2826 3298 97 18 GAITE.
2938 3306 25 5 —
2978 3303 11 11 «
3006 3297 30 17 M.
3054 3296 106 22 Peperbol
3177 3301 18 14 »,
3212 3295 22 17 la
3249 3295 84 21 grande

2804 3320 59 22 pièce
2883 3319 136 20 d'actualité,
3039 3319 37 21 qui
3096 3317 104 21 enseigne
3220 3320 45 13 aux
3285 3314 38 18 Bei-

2803 3346 38 17 ges
2863 3341 66 22 qu'Us
2949 3340 91 18 doivent
3061 3340 71 17 rester
3153 3338 50 18 unis
3224 3337 56 17 dans
3302 3336 30 16 Its

2804 3364 46 17 bon.
2848 3368 3 7 1
2850 3368 8 11 *
2876 3363 109 17 moments
3003 3366 85 13 comme
3106 3360 56 17 dans
3180 3359 31 17 les
3230 3357 102 18 mauvais

2803 3385 110 22 remporte
2931 3384 85 21 chaque
3035 3383 51 19 soir,
3106 3386 54 13 avec
3180 3381 98 17 Gustave
3297 3378 35 17 L:-

2803 3407 63 19 beau.
2882 3411 30 13 un
2927 3405 118 22 triomphal
3060 3403 77 18 succès
3152 3403 23 17 et
3190 3402 14 17 il
3219 3401 57 17 n'est
3292 3404 39 18 plis

2803 3428 95 22 exagéré
2921 3428 134 17 d'annoncer
3078 3424 102 22 qu'après
3203 3423 35 17 350
3260 3421 62 22 repré-

2802 3450 131 18 sentations,
2950 3449 14 17 Il
2980 3452 13 18 y
3009 3452 14 13 a
3038 3447 99 21 toujours
3153 3444 66 18 fo'.le.
3235 3443 96 20 Samedi,

2803 3471 103 20 matinée,
2923 3471 14 17 à
2954 3471 23 16 15
2993 3469 22 17 h.

2826 3498 139 19 MOLIERE.
2983 3506 24 4 —
3025 3496 30 17 Le
3072 3494 88 19 théâtre
3178 3494 49 17 fera
3244 3492 88 19 relâche

2802 3521 60 21 jeudi
2877 3522 23 15 et
2916 3517 111 20 vendredi.
3044 3517 95 19 Samedi,
3156 3516 15 17 à
3187 3515 22 18 2C
3224 3515 22 17 h.
3262 3514 30 20 30,
3309 3518 23 14 et

2804 3542 121 19 jlmanche,
2945 3544 15 17 à
2979 3540 22 17 14
3018 3539 22 17 h.
3060 3539 24 17 30
3102 3539 22 16 et
3143 3538 24 18 20
3184 3537 23 17 h.
3226 3537 30 20 30,
3277 3537 55 17 trois

2803 3563 187 23 représentations
3004 3561 27 17 de
3047 3565 11 14 «
3072 3561 48 16 Ave
3136 3559 72 17 Maria
3224 3565 19 11 s.
3260 3558 18 18 Il
3294 3559 38 20 n'y

2801 3589 56 14 aura
2870 3589 40 17 pas
2923 3584 26 17 de
2962 3581 111 23 spectacle
3087 3581 97 22 pendant
3197 3581 22 16 la
3232 3580 100 18 semaine

2801 3607 80 17 sainte.
2900 3605 29 17 Le
2947 3603 85 18 samedi
3050 3603 29 20 HO,
3098 3603 20 17 le
3136 3602 116 18 dimanche
3269 3602 23 17 21
3310 3603 21 16 et

2802 3629 19 17 le
2832 3627 61 18 lundi
2905 3626 24 18 22
2949 3630 54 18 pour
3015 3625 31 18 les
3060 3625 57 17 fêtes
3131 3625 26 17 de
3170 3624 94 22 Pâques,
3277 3624 56 17 trois

2803 3648 187 23 représentations
3008 3647 27 17 de
3053 3653 10 11 «
3082 3647 47 17 Ave
3147 3646 72 17 Maria
3238 3651 19 12 ».

2826 3669 196 19 VAUDEVILLE.
3042 3677 25 4 —
3086 3668 30 17 Le
3138 3667 124 18 vaudeville
3282 3674 12 12 «
3314 3668 20 17 A

2801 3693 37 21 qui
2853 3692 23 17 la
2891 3691 95 17 Mariée?
3002 3697 19 11 ».
3037 3689 97 19 Matinée
3149 3690 124 20 dimanche,
3290 3693 43 14 une

2802 3715 38 16 des
2857 3713 120 18 dernières.

2825 3734 172 20 CAiFUCINES.
3014 3742 24 5 —
3056 3734 32 18 La
3104 3732 85 18 clôture
3207 3732 27 18 de
3251 3733 22 17 la
3290 3733 34 17 sai-

2801 3762 40 12 son
2859 3757 86 17 d'hiver
2962 3760 24 13 se
3004 3755 43 19 fait
3064 3755 20 18 le
3102 3755 30 17 22.
3151 3755 30 17 Le
3198 3755 91 18 nombre
3308 3755 26 17 de

2801 3778 188 23 représentations
3002 3777 26 18 de
3042 3783 10 12 «
3065 3777 31 17 La
3107 3776 106 18 Ceinture
3226 3777 26 17 de
3263 3777 60 18 Chas-

2803 3801 45 18 teté
2871 3807 19 14 »,
2913 3799 114 23 l'opérette
3050 3799 20 17 si
3092 3798 60 18 drôle
3174 3798 26 17 de
3223 3798 66 18 Roels
3313 3798 22 18 et

2802 3823 73 19 Jubet,
2897 3823 35 16 est
2952 3821 123 18 forcément
3094 3820 112 20 restreint,
3226 3824 28 14 en
3275 3820 59 22 dépit

2802 3844 28 17 du
2846 3843 77 18 succès
2939 3847 42 18 que
2997 3842 137 21 remportent
3148 3846 38 13 ces
3201 3842 56 17 trois
3272 3843 63 17 rct-:s

2803 3866 26 18 de
2850 3866 91 21 joyeuse
2961 3865 22 17 et
3004 3864 68 17 haute
3094 3863 68 22 galté.
3184 3863 98 18 Matinée
3304 3864 22 18 di-

2803 3887 100 20 manche,
2924 3890 43 16 une
2987 3886 38 17 des
3045 3885 120 18 dernières.

2827 3909 138 18 THEATRE
2979 3907 151 18 FLAMAND.
3144 3916 23 4 —
3179 3907 36 18 Un
3229 3907 107 18 immense

2802 3930 78 19 succès
2898 3931 36 17 est
2952 3928 88 19 réservé
3059 3929 14 17 à
3091 3933 15 13 a
3125 3929 83 22 reprise
3227 3929 27 18 de
3273 3935 11 12 «
3303 3930 32 17 De

2804 3953 28 17 Le
2835 3952 68 18 vende
2919 3952 61 21 Brug
2995 3957 19 11 ».
3030 3951 32 17 La
3077 3954 55 14 mise
3145 3955 28 13 en
3188 3950 65 18 scène
3269 3951 26 18 de
3310 3956 25 13 co

2804 3975 75 17 drame
2901 3973 203 23 particulièrement
3124 3973 155 18 mouvementé
3300 3973 37 22 qui

2802 3997 56 17 tient
2872 3996 19 17 le
2905 3995 128 23 spectateur
3046 3994 196 18 continuellement
3256 3999 26 14 en
3297 3995 28 18 ha-

2804 4018 61 19 leine,
2883 4017 35 17 est
2934 4017 38 17 des
2990 4016 49 23 plus
3055 4016 92 18 colorés.
3165 4016 75 22 Quant
3256 4017 14 17 i*.
3287 4017 39 18 l'in-

2804 4039 152 22 terprétation,
2996 4038 87 18 chacun
3123 4042 82 18 pourra
3242 4038 95 19 attester

2804 4060 78 24 qu'elle
2898 4061 38 17 n'a
2953 4059 81 23 jamais
3051 4060 35 17 été
3104 4059 127 23 surpassée.

2828 4083 42 17 Les
2888 4088 11 12 «
2919 4082 45 18 The
2982 4081 115 18 Crafton's
3118 4087 10 11 »
3146 4082 53 17 sont
3215 4082 41 17 des
3275 4086 52 14 acro-

2805 4105 63 17 bates
2887 4104 66 18 d'une
2972 4103 114 22 souplesse
3105 4103 105 20 extrême,
3231 4104 38 22 qui
3287 4105 40 17 exé-

2804 4126 77 18 cutent
2899 4126 38 18 des
2954 4126 111 17 exercices
3083 4125 136 18 d'acrobatie
3237 4126 47 18 fort
3302 4126 25 23 pé-

2805 4148 85 18 rilleux.

2830 4169 106 18 Location
2958 4168 40 18 des
3020 4168 74 23 places
3119 4168 46 19 (tel.
3189 4168 104 23 11.92.16),
3309 4175 28 13 ou

2803 4196 28 13 au
2850 4191 92 18 bureau.

2830 4218 261 19 FOLIES-BERGERE.
3115 4228 25 4 —
3166 4219 19 18 A
3210 4218 24 19 20
3258 4219 23 19 h.
3308 4220 29 18 15.

2807 4240 98 20 dernière
2926 4240 176 19 représentation
3126 4241 27 17 de
3176 4246 11 11 «
3209 4241 45 18 Het
3276 4241 62 18 Land

2806 4267 43 13 van
2868 4263 41 17 den
2930 4261 109 19 Gllmlach
3060 4268 11 11 »
3094 4262 40 19 (Lo
3154 4262 60 21 Pays
3234 4263 28 18 du
3284 4263 43 18 Sou-

2805 4285 62 19 rire),
2888 4284 21 17 la
2929 4283 55 18 belle
3002 4283 99 22 opérette
3121 4284 25 17 de
3166 4284 73 18 Franz
3258 4285 78 18 Lehar.

2806 4306 93 18 Domain
2914 4306 111 19 vendredi,
3041 4305 14 18 à
3070 4306 24 18 20
3107 4306 22 17 h.
3145 4305 29 21 15,
3190 4306 107 22 première
3311 4307 27 17 de

2806 4328 22 18 la
2841 4327 84 23 grande
2938 4331 67 14 revue
3018 4327 26 17 de
3058 4327 88 22 Pâques
3161 4333 11 12 «
3187 4327 17 18 't
3217 4328 62 19 Land
3293 4333 44 13 \nn

2807 4349 158 18 Manneke-Pis
2985 4355 18 14 »,
3022 4353 43 14 une
3084 4349 61 18 vraie
3164 4353 68 14 revue
3251 4350 77 18 bruxel-

2806 4372 60 19 loise,
2884 4375 28 13 en
2930 4371 12 17 3
2960 4372 62 16 actes
3040 4371 23 17 et
3081 4371 24 20 50
3122 4371 113 21 tableaux,
3255 4372 27 18 de
3300 4373 31 17 Je:

2807 4393 82 21 Orban,
2912 4396 55 14 avec
2990 4392 82 18 Esther
3094 4393 111 21 Deltenre,
3227 4394 46 18 Jan
3296 4394 32 17 Im-

2806 4419 66 15 mers,
2891 4414 39 18 Jef
2949 4414 74 18 Orban
3042 4415 23 17 et
3084 4419 43 13 une
3146 4414 105 20 brillante
3270 4416 58 18 inter-

2808 4436 117 23 prétation.
2944 4436 43 17 Les
3005 4436 72 18 Folles
3096 4436 58 18 Glrls
3173 4438 23 17 et
3215 4438 32 18 les
3266 4438 72 18 Folies

2807 4458 83 22 Baby's
2906 4458 57 17 dans
2979 4458 26 17 de
3021 4458 144 18 merveilleux
3181 4459 89 19 ballets.
3287 4459 52 18 Prix

2805 4480 39 18 des
2859 4480 73 21 places
2948 4480 14 17 à
2977 4480 71 22 partir
3061 4480 28 18 de
3104 4481 12 17 2
3131 4480 29 18 fr.
3175 4482 24 17 et
3213 4481 125 18 seulement

2807 4501 89 23 jusqu'à
2911 4501 22 17 12
2947 4501 22 17 {r
2970 4513 6 4 *
2990 4501 31 19 50.

3371 1080 102 18 PALAIS
3493 1082 91 18 D'ETE.
3602 1093 24 4 —
3642 1083 73 20 Jeudi,
3734 1087 28 13 en
3780 1082 98 19 matinée

3345 1102 23 16 et
3388 1106 27 12 en
3435 1103 76 19 soirée,
3532 1104 198 18 irrévocablement
3750 1104 59 18 deux
3828 1104 39 18 der-

3346 1122 72 18 nières
3434 1124 26 16 de
3477 1124 132 19 l'amusante
3624 1127 99 21 opérette
3740 1132 11 13 c
3765 1127 35 17 Au
3815 1127 62 21 Pays

3347 1144 38 17 des
3409 1144 131 18 Séductions
3564 1154 20 13 ^.
3619 1148 117 21 Vendredi,
3773 1152 29 14 un
3828 1152 50 18 pro-

3347 1169 100 17 granv.no
3469 1166 26 17 de
3519 1166 125 20 music-hall
3666 1171 62 16 auBtù
3749 1169 64 19 varié
3836 1174 43 18 quo

3346 1187 100 21 copieux.

3370 1209 109 22 CIRQUE
3502 1209 104 18 ROYAL.
3627 1219 24 4 —
3673 1210 31 18 La
3725 1212 95 18 location
3842 1214 37 16 est

3347 1231 91 17 ouverte
3462 1235 29 13 au
3516 1231 87 22 Cirque,
3628 1231 99 19 Galeries
3750 1233 29 18 du
3803 1234 64 18 Parle-

3348 1253 61 16 ment
3427 1260 4 11 ,
3439 1256 54 18 pour
3515 1253 22 17 la
3560 1252 176 22 représentation
3758 1259 54 14 avec
3835 1260 44 14 une

3348 1274 54 16 mise
3422 1278 27 13 en
3469 1273 66 18 scène
3555 1275 118 20 grandiose
3693 1276 26 16 de
3740 1282 10 10 «
3770 1277 33 17 La
3822 1278 56 17 Paj-

3346 1295 49 17 slon
3413 1295 29 18 du
3461 1295 76 18 Christ
3554 1302 10 11 »
3582 1296 38 21 qui
3636 1300 53 14 sera
3706 1297 50 21 joué
3774 1298 14 17 â
3806 1300 73 19 partir

3347 1317 28 17 du
3393 1317 22 17 12
3429 1321 29 13 au
3474 1317 81 23 Cirque
3571 1317 78 22 Royal.
3665 1318 90 18 Devant
3770 1319 99 18 l'enthou-

3346 1338 83 17 siasme
3445 1339 26 17 de
3487 1339 21 17 la
3525 1339 59 17 foule
3600 1340 37 21 qui
3652 1344 25 13 se
3694 1343 38 14 rue
3748 1344 31 14 au
3793 1340 85 18 bureau

3347 1360 26 17 de
3391 1360 102 20 location,
3512 1361 22 17 la
3551 1361 106 18 direction
3673 1362 104 17 conseille
3793 1366 30 14 au
3841 1367 27 17 pu-

3348 1381 43 18 blic
3411 1382 27 17 de
3461 1383 83 16 retenir
3565 1387 36 13 ses
3625 1383 81 22 places.
3729 1383 19 18 Il
3770 1387 28 14 ne
3819 1386 61 16 reste

3348 1403 48 22 plus
3411 1408 42 17 que
3469 1404 105 22 quelques
3590 1404 73 22 places
3679 1409 56 18 pour
3750 1405 22 17 la
3788 1406 81 20 premiè-

3347 1429 23 13 re
3390 1425 29 17 du
3439 1425 21 18 12
3478 1426 36 21 qui
3533 1429 51 14 sera
3600 1426 85 18 donnée
3704 1430 30 14 au
3754 1427 68 21 profit
3841 1427 38 18 des

3347 1450 88 14 œuvres
3455 1447 27 17 de
3503 1447 21 17 la
3543 1447 76 18 Reine.
3640 1448 34 18 Un
3694 1448 81 18 second
3794 1448 86 18 bureau

3346 1469 35 17 est
3397 1470 79 16 ouvert
3494 1472 55 18 pour
3565 1474 11 12 «
3594 1469 32 18 La
3642 1470 95 17 Passion
3755 1476 19 14 »,
3791 1474 87 14 avenue

3347 1490 29 17 du
3396 1490 59 20 Midi,
3475 1491 34 17 116
3530 1490 46 18 «tél.
3596 1491 103 18 11.11.79).

3371 1512 89 18 GAITY
3479 1512 144 18 CABARET.
3642 1522 25 4 —
3686 1513 30 18 M.
3736 1513 92 21 Walter,
3848 1513 22 18 di-

3347 1535 88 16 recteur
3451 1533 28 18 du
3497 1534 67 21 Gaity
3581 1534 103 21 Cabaret,
3703 1534 102 21 présente
3820 1536 61 17 cette

3346 1556 99 17 semaine
3462 1559 42 14 une
3521 1555 56 18 belle
3592 1556 92 21 affiche,
3702 1556 66 18 Edith
3786 1557 54 20 Bell,
3857 1557 23 18 la

3347 1577 110 17 danseuse
3479 1577 135 19 fantaisiste,
3636 1577 32 18 les
3688 1578 109 18 danseurs
3818 1582 51 14 mon-

3347 1598 64 18 dains
3432 1598 25 17 Li
3478 1598 67 18 Estra
3566 1599 22 17 et
3607 1599 78 20 Derks,
3706 1599 31 18 les
3756 1600 124 18 danseuses

3346 1620 157 22 acrobatiques
3522 1620 85 18 Saletto
3625 1620 23 18 et
3666 1620 75 22 Sonja,
3760 1621 59 18 ainsi
3838 1625 42 21 que

3347 1641 19 18 ie
3387 1641 78 23 réputé
3485 1641 51 18 Trio
3556 1641 74 22 -i-'ully.
3651 1641 42 18 Les
3714 1642 27 17 B-
3747 1646 26 17 ys
3793 1642 27 18 de
3840 1642 41 18 Joe

3346 1664 78 21 Heyne
3440 1667 24 14 se
3481 1663 122 22 dépensent
3618 1667 54 13 sans
3687 1664 100 21 compter
3801 1667 14 17 à
3830 1664 41 17 l'or-

3345 1685 88 18 chestre
3448 1685 23 17 et
3486 1684 67 18 Llttle
3569 1685 76 21 Harry
3660 1685 35 17 est
3710 1685 101 21 toujours
3827 1684 44 18 l'ex-

3346 1706 80 18 cellent
3447 1706 129 18 animateur
3596 1706 66 23 qu'on
3682 1706 99 18 connaît.

3373 1728 115 18 PATRIA.
3508 1737 24 4 —
3552 1728 43 17 Les
3617 1728 95 17 Borains
3733 1727 76 18 seront
3829 1726 43 19 -heu-

3347 1754 56 14 reux
3424 1749 148 23 d'apprendre
3595 1753 43 18 que
3661 1749 20 18 le
3702 1749 78 18 Cercle
3802 1749 82 18 Choral

3347 1778 11 10 «
3373 1771 84 18 Fidéllo
3473 1778 17 14 *,
3506 1772 27 17 de
3547 1771 109 20 Wasmes,
3672 1775 25 13 se
3712 1771 50 17 fera
3775 1771 107 17 entendre

3346 1793 14 17 à
3376 1793 117 18 l'occasion
3510 1793 27 17 de
3554 1792 21 18 la
3591 1792 105 20 matinée,
3713 1793 20 17 le
3749 1792 22 18 14
3787 1792 64 20 avril,
3867 1792 16 18 à

3348 1815 23 18 14
3389 1815 29 19 h.,
3437 1819 29 14 au
3484 1814 100 18 bénéfice
3603 1815 39 17 des
3661 1814 93 18 enfants
3774 1814 39 18 des
3830 1814 42 17 chô-

3347 1841 75 13 meurs
3440 1837 29 17 du
3489 1836 117 22 Borinage.

3372 1859 34 16 Au
3426 1862 139 18 programme
3583 1858 23 17 la
3623 1861 67 14 revue
3708 1857 26 18 de
3753 1857 22 18 la
3793 1857 81 18 Protec-

3349 1879 47 17 tion
3420 1885 11 11 «
3455 1880 102 17 Ouvrons
3580 1879 100 21 l'Heysel
3705 1885 18 14 »,
3748 1879 83 17 auteur
3852 1878 31 19 M.

3350 1901 81 17 Marcel
3453 1901 102 17 Antoine.
3577 1901 105 17 Audition
3703 1901 27 17 de
3751 1900 22 18 la
3792 1900 90 18 chorale

3350 1928 9 13 ■
3381 1922 83 18 Fidélio
3487 1932 9 9 -,
3517 1923 26 16 de
3564 1923 109 20 Wasmes,
3693 1922 36 18 110
3748 1921 134 19 exécutants

3349 1948 26 13 en
3390 1944 100 17 costume
3503 1944 27 17 de
3545 1943 93 18 mineur.

3372 1966 54 17 Prix
3443 1965 39 18 des
3500 1966 74 21 places
3595 1969 6 13 :
3620 1966 26 16 de
3661 1966 12 17 5
3690 1965 14 18 à
3721 1965 24 18 30
3762 1965 30 18 fr.

3374 1987 36 17 LE
3431 1987 156 18 PERUCHET
3609 1987 170 18 (Marionnettes
3797 1986 85 19 d'Art).

3352 2008 27 20 16,
3398 2013 39 13 rue
3455 2008 96 18 Lebeau.
3568 2018 24 4 —
3607 2008 155 22 Aujourd'hui,
3780 2025 13 4 _
3812 2008 24 17 15
3852 2007 31 20 h.,

3352 2030 95 18 matinée
3466 2030 123 18 enfantine.
3608 2031 35 17 Au
3663 2034 140 18 programme
3823 2035 10 11 «
3853 2028 31 18 Le

3350 2052 74 18 Grand
3445 2052 104 18 Méchant
3568 2052 61 22 Loup
3647 2052 23 18 et
3687 2052 117 21 Chaperon
3823 2050 48 18 Rou-

3352 2077 27 18 ge
3401 2079 18 15 »,
3442 2074 64 17 conte
3526 2074 120 17 charmant
3667 2074 42 17 mis
3732 2077 28 13 en
3783 2072 101 22 musique

3351 2096 56 17 dans
3423 2095 38 18 des
3476 2095 75 18 décors
3566 2095 26 18 de
3607 2095 58 18 rêve.
3682 2096 43 16 Les
3738 2094 86 17 clowns
3839 2093 35 18 sui-

3350 2117 65 17 vront
3432 2117 58 18 ainsi
3507 2118 68 21 qu'un
3592 2117 69 18 ballet
3678 2116 122 18 d'Indiens.
3817 2115 55 18 Rete-

3351 2143 41 13 nez
3405 2142 39 14 vos
3459 2139 72 21 places
3545 2139 26 17 de
3586 2140 22 17 10
3620 2139 15 17 â
3648 2139 23 17 14
3684 2139 22 17 h.
3720 2137 88 21 Mickey
3822 2137 62 18 Mou-

3351 2165 24 13 se
3394 2160 85 22 parlera
3496 2165 85 13 comme
3598 2161 27 17 de
3642 2161 113 16 coutume.

3355 2216 172 36 TABLEAU
3551 2217 71 35 DES
3644 2214 241 38 SPECTACLES

3498 2293 89 18 JEUDI
3602 2292 23 17 11
3640 2291 94 17 AVRIL

3351 2327 110 18 Monnaie.
3477 2336 24 4 —
3516 2327 24 18 20
3555 2326 22 18 h.
3598 2330 6 14 :
3622 2331 11 12 «
3650 2326 73 17 Faust
3739 2330 20 14 t.

3350 2349 64 18 l'arc.
3430 2358 23 4 —
3469 2349 24 18 20
3508 2349 22 17 h.
3547 2348 23 18 30
3583 2352 5 13 :
3605 2347 153 19 «M'Voula».

3350 2371 106 17 Galeries.
3469 2379 23 4 —
3505 2370 24 18 20
3540 2370 22 17 h.
3575 2369 24 18 30
3611 2374 6 13 :
3632 2375 11 11 «
3652 2369 48 21 ^ig,
3715 2369 19 17 le
3746 2369 110 18 vertueux
3864 2374 21 15 ».

3352 2393 75 17 Palais
3450 2392 38 17 des
3510 2391 153 18 Beaux-Arts.
3683 2399 26 5 —
3730 2391 23 17 14
3774 2391 22 18 h.
3818 2391 25 18 30
3863 2391 24 19 et

3373 2414 24 17 20
3411 2414 21 17 h.
3447 2413 23 18 30
3489 2417 5 13 :
3510 2419 11 11 «
3537 2412 83 18 Esther
3632 2418 20 12 ».

3350 2435 130 18 Alhamhra.
3492 2444 23 4 —
3528 2434 24 19 20
3563 2434 22 18 h.
3598 2434 24 18 30
3633 2438 6 13 :
3656 2439 9 12 t
3674 2433 31 18 Le
3717 2434 61 21 Pays
3790 2433 29 19 du
3831 2434 56 20 Sou.

3374 2456 43 18 rire
3426 2465 12 14 s
3441 2469 6 5 .

3350 2478 73 18 Gaite.
3437 2487 24 4 —
3475 2477 24 18 20
3513 2477 22 18 h.
3550 2477 33 17 30:
3601 2483 11 11 <
3622 2476 113 18 Monsieur
3748 2476 108 22 Peperbol
3865 2482 21 14 ».

3352 2500 97 17 Molière.
3467 2508 26 4 —
3512 2498 104 18 Relâche.

3353 2522 136 17 Vaudeville.
3507 2530 22 4 —
3547 2521 24 18 20
3588 2520 22 18 h.
3627 2520 34 18 30:
3679 2525 11 13 «
3707 2521 21 17 A
3744 2520 38 22 qui
3799 2520 21 18 1a
3838 2524 39 14 ma-

3374 2543 57 17 riée?
3449 2549 10 11 »

3352 2564 132 21 Capucines.
3504 2573 23 4 —
3546 2563 23 17 2n
3588 2563 22 18 h.
3629 2563 24 18 30
3673 2567 6 13 :
3700 2568 11 13 <
3731 2562 34 19 La
3780 2562 107 20 Ceinture

3375 2586 27 17 de
3421 2585 107 19 Chasteté
3547 2591 18 12 ».

3351 2607 96 18 Théâtre
3461 2606 117 18 Flamand.
3589 2616 24 4 —
3624 2606 24 18 20
3659 2606 22 17 h.
3697 2610 5 13 :
3717 2612 10 12 «
3739 2606 33 18 De
3783 2606 104 18 LevenÂe

3376 2629 61 21 Brug
3457 2637 21 13 j,.

3353 2650 187 21 Folies-Bergère.
3557 2659 23 3 —
3596 2649 24 18 20
3635 2649 23 18 h.
3675 2650 24 18 15
3717 2654 6 13 :
3742 2650 66 18 «Het
3824 2648 65 20 Land

3375 2676 45 14 van
3440 2672 42 17 den
3505 2671 110 19 Glimlach
3624 2676 20 13 >.

3353 2694 75 18 Palais
3442 2693 73 18 d'Eté.
3528 2702 23 4 —
3565 2693 24 17 20
3600 2693 22 17 h.
3636 2693 24 18 30
3677 2697 6 13 :
3699 2698 11 12 «
3724 2693 36 17 Au
3775 2692 59 23 Pays
3847 2693 40 17 des

3376 2715 131 18 Séductions
3528 2721 18 11 ».
3567 2714 98 18 Matinée
3684 2713 137 22 dimanches,
3840 2714 37 22 jeu-

3375 2737 34 17 dis
3425 2738 23 16 et
3465 2736 65 21 fêtes,
3546 2736 15 17 à
3577 2736 22 18 15
3614 2736 23 17 h.

3353 2759 50 16 .Mon
3421 2758 94 20 Village.
3532 2766 22 4 —
3570 2757 24 17 iO
3609 2757 23 17 h.
3648 2756 25 18 30
3691 2761 7 13 :
3715 2761 12 14 <
3742 2756 69 18 Viens
3829 2757 59 18 faire

3376 2780 22 17 la
3419 2779 39 18 file
3478 2784 19 12 ».

3356 2801 73 17 Palais
3451 2801 27 17 de
3502 2800 74 17 Glace.
3598 2808 23 5 —
3644 2799 63 17 Trois
3730 2798 93 18 séances
3846 2802 42 13 T)ir

3377 2825 49 18 jour

3355 2842 183 19 Gnitv-Cabaret.
3561 2851 23 4 —
3607 2842 60 17 Tous
3699 2842 32 16 les
3762 2840 65 20 soirs,
3858 2840 32 18 M.

3378 2864 85 18 Walter
3481 2864 102 21 présente
3600 2867 31 13 un
3648 2862 66 17 choix
3731 2861 158 18 d'attractions

3378 2889 55 13 a-'ec
3451 2885 128 17 l'orchestre
3596 2884 27 17 de
3639 2883 42 18 Joë
3698 2884 86 20 Heyne.

3356 2907 30 17 Le
3407 2906 117 18 féruchet.
3543 2914 24 5 —
3587 2906 23 17 15
3629 2905 22 17 h.
3677 2909 5 13 :
3703 2910 11 12 «
3735 2905 30 17 Le
3784 2904 106 19 Méchant

3380 2928 62 22 Loup
3462 2928 23 17 et
3505 2927 116 22 Chaperon
3643 2927 77 21 Rouge
3740 2934 22 15 ».

3398 2978 60 36 Les
3476 2978 147 36 Cinémas
3641 2979 22 34 à
3680 2977 165 37 Bruxelles

3380 3047 106 18 AGORA.
3503 3056 23 4 —
3541 3046 69 18 Eddie
3624 3046 85 18 Cantor
3722 3046 22 16 et
3759 3049 30 13 un
3804 3046 85 18 essaim,

3359 3068 24 18 ie
3399 3068 64 22 jolies
3480 3068 54 22 glrls
3552 3068 56 17 dans
3626 3074 10 11 t
3653 3067 44 18 Kid
3713 3066 97 18 Millions
3827 3072 20 13 ».
3863 3075 26 6 —

3357 3090 98 18 Enfants
3473 3093 43 14 non
3536 3089 79 18 admis.

3380 3110 202 20 AMBA5SADOR.
3604 3119 22 4 —
3647 3109 96 21 Tramel,
3765 3109 59 18 Léon
3847 3110 42 18 Bé-

3358 3133 70 20 Ilères,
3445 3132 125 20 Christian*
3585 3131 84 21 Delyne
3685 3131 57 18 dans
3759 3136 11 12 «
3786 3132 30 17 Le
3833 3131 56 18 Père

3357 3155 106 21 Lampion
3481 3160 18 12 ».
3515 3163 23 4 —
3554 3153 98 17 Enfants
3668 3156 44 14 non
3728 3152 81 19 admis.

3378 3176 106 18 CAMEO.
3496 3184 24 4 —
3531 3174 82 18 Robert
3624 3174 155 22 Montgomery
3791 3175 24 17 et
3826 3175 53 17 Mau-

3358 3204 28 10 re,
3389 3203 17 11 -n
3430 3196 126 19 G'Sullivan
3578 3196 57 17 dans
3656 3201 12 12 «
3677 3196 57 18 Jour
3753 3196 108 18 Heureux
3870 3202 21 13 ».

3357 3219 97 18 Enfants
3475 3221 43 14 non
3539 3217 80 18 admis.

3383 3239 153 19 COLISEUM.
3562 3248 22 4 —
3611 3239 62 21 Gary
3697 3238 94 23 Cooper,
3817 3239 73 18 Fran-

3354 3262 51 17 chot
3438 3261 66 18 Tone.
3524 3260 99 18 Richard
3655 3260 125 20 Cromwell.
3814 3260 76 19 Monte

3354 3283 54 17 Biuc
3419 3284 22 16 et
3452 3282 111 18 Kathleen
3574 3282 76 18 Burke
3662 3282 56 17 dans
3731 3287 11 13 «
3754 3282 43 18 Les
3808 3282 12 18 3
3831 3282 49 19 Lan-

3353 3304 57 18 ciers
3427 3303 28 18 du
3474 3303 98 22 Bengale
3590 3309 19 12 ».
3626 3312 24 5 —
3668 3303 99 18 Enfants
3784 3304 81 18 admis.

3378 3325 211 18 CROSLY-NORD.
3605 3334 26 5 —
3647 3325 113 22 «Voyage
3777 3330 28 13 en
3822 3325 59 19 Médi-

3355 3346 111 20 terranée;
3493 3346 114 19 «Chariot
3630 3346 128 22 s'amuse»,
3785 3347 106 19 «Chasse

3354 3372 45 14 aux
3422 3368 91 21 requins
3525 3373 5 13 :
3555 3368 11 17 2
3590 3368 87 18 dessins
3702 3367 87 19 animés
3812 3369 23 17 et
3857 3369 33 18 les

3354 3390 127 17 actualités.
3504 3389 100 18 Enfants
3625 3389 81 18 admis.

3378 3411 166 18 ELDORADO.
3562 3421 24 3 —
3604 3412 63 17 Celia
3687 3412 138 20 Montalvan,
3844 3412 47 18 An-

3353 3432 61 21 drex,
3431 3434 25 17 E.
3474 3433 104 19 Delmont
3595 3433 57 18 dans
3669 3439 11 12 «
3689 3433 56 18 Toni
3754 3439 19 12 ».
3790 3433 56 19 Mise
3861 3437 29 14 en

3357 3454 66 18 Bcène
3449 3455 26 17 de
3500 3455 59 18 Jean
3584 3455 92 18 Renoir.
3709 3454 101 19 Enfants
3843 3459 46 14 non

3355 3476 80 18 admis.

3379 3498 134 18 LEOrOLD
3532 3498 42 17 III.
3592 3507 25 4 —
3634 3497 93 18 Charles
3746 3498 80 21 Boyer,
3845 3499 46 17 An-

3355 3519 95 21 nabella,
3472 3520 75 17 Pierre
3569 3520 117 18 Brasseur.
3707 3519 93 18 Charles
3819 3520 73 18 Vanel

3355 3541 56 18 dans
3432 3541 151 18 «Caravane».
3603 3541 99 18 Enfants
3722 3545 44 13 non
3784 3541 81 18 admis.

3379 3563 146 18 MARiGNY.
3547 3572 23 4 —
3593 3569 10 12 *
3613 3562 130 18 Mascarade
3753 3568 19 15 »,
3795 3564 19 16 le
3836 3567 44 13 nou-

3355 3589 56 14 veau
3429 3585 49 17 film
3496 3585 26 18 de
3539 3584 68 23 Willy
3623 3585 67 17 Forst
3707 3585 90 19 (auteur
3813 3583 27 18 de
3856 3583 34 19 La

3358 3606 135 22 Symphonie
3527 3606 140 18 inachevée).
3701 3606 94 17 Version
3829 3605 50 18 vien-

3356 3628 70 18 noise.
3451 3628 100 18 Enfants
3575 3632 45 14 non
3644 3624 80 21 admis.

3380 3650 166 18 MARIVAUX.
3561 3659 23 4 —
3601 3650 63 21 Gaby
3681 3649 85 21 Morlay
3782 3649 22 18 et
3819 3648 71 19 Char-

3355 3672 31 17 le.*-
3405 3672 73 22 Boyer
3494 3672 57 18 dans
3569 3678 10 11 «
3595 3672 31 17 Le
3643 3671 104 18 Bonheur
3764 3675 18 16 »,
3800 3670 89 22 d'après

3356 3694 76 20 Henry
3450 3694 125 18 Bernstein.
3592 3703 23 4 —
3632 3693 99 18 Enfants
3747 3696 43 14 non
3808 3692 82 18 admis.

3382 3711 186 23 MÉTROPOLE.
3593 3725 24 3 —
3641 3713 122 19 Madeleine
3789 3713 101 21 Renaud,

3358 3737 57 18 Jean
3441 3737 80 18 Gabin.
3547 3737 76 18 André
3656 3735 96 23 Bacqué,
3787 3735 105 18 Suzanne

3356 3759 44 17 Des
3403 3758 50 23 près
3474 3759 57 18 dans
3551 3765 11 11 «
3572 3758 72 18 Maria
3662 3757 151 22 Chapdelaine
3822 3763 19 15 »,
3863 3757 28 18 de

3356 3781 75 17 Julien
3456 3781 105 19 Duviver.
3585 3779 88 22 d'après
3697 3779 66 17 Louis
3793 3778 98 20 Héman.

3360 3803 99 17 Enfants
3484 3803 80 17 admis.

3381 3824 102 18 PLAZA.
3506 3834 20 4 —
3547 3823 119 18 Jeannette
3688 3822 50 17 Mac
3760 3821 87 19 Donald
3867 3822 24 18 et

3358 3846 99 18 Maurice
3485 3844 117 20 Chevalier
3631 3843 57 18 dans
3719 3849 10 12 «
3751 3843 33 19 La
3814 3843 77 19 Veuve

3356 3867 97 21 Joyeuse
3468 3873 19 12 ».
3502 3876 21 4 —
3538 3865 98 18 Enfants
3650 3869 44 13 non
3709 3864 81 19 admis.

3381 3889 88 18 ROXY.
3485 3898 23 4 —
3525 3886 119 22 Françoise
3661 3887 83 21 Rosay,
3763 3886 57 19 Paul
3837 3887 44 18 Ber-

3357 3911 63 20 nard,
3433 3911 93 18 Alcrme,
3539 3908 116 21 Raymond
3667 3908 73 22 Cordy
3752 3908 57 18 dans
3822 3908 58 18 «Pen-

3357 3933 48 17 sion
3425 3933 124 17 Mimosas»,
3569 3930 26 18 de
3614 3930 99 22 Jacques
3733 3930 94 22 Feyder.
3847 3930 33 18 En-

3358 3955 63 17 fants
3443 3958 42 13 non
3506 3952 79 18 admis.

3382 3975 105 20 STUDIO
3505 3973 145 19 MONNAIE.
3668 3982 23 5 —
3710 3973 123 18 Madeleine
3849 3973 32 18 Re-

3358 3998 59 18 naud
3433 3998 23 17 et
3472 3995 68 19 Henri
3556 3995 81 18 Rollan
3655 3995 56 18 dans
3730 4000 10 12 «
3750 3995 33 18 La
3799 3995 92 18 MarchB

3359 4019 103 23 Nuptiale
3473 4024 17 14 y,
3511 4016 90 22 d'après
3622 4017 78 22 Henry
3721 4016 103 18 Bataille.
3847 4017 33 17 En-

3359 4042 62 17 fants
3441 4043 41 15 non
3502 4038 81 18 admis.

3383 4061 145 20 VICTORIA.
3550 4069 24 4 —
3598 4059 123 18 Madeleine
3751 4058 93 18 Renaud
3868 4059 24 16 et

3360 4085 68 18 Henri
3451 4082 78 19 Rollan
3555 4081 56 18 dans
3637 4087 11 12 «
3658 4081 33 18 La
3715 4080 90 18 Marche
3830 4080 51 21 Nup-

3359 4107 52 17 tiale
3421 4111 17 13 ».
3459 4103 87 22 d'après
3567 4104 77 20 Henry
3665 4102 104 18 Bataille.
3790 4101 100 17 Enfants

3360 4132 43 14 non
3425 4125 78 20 admis.

3582 4152 80 21 -#>■•+
3881 4156 9 10 ■

3361 4195 33 37 La
3408 4194 109 37 Journée
3531 4191 48 37 des
3596 4190 124 38 Officiers
3733 4189 34 37 de
3783 4194 106 33 réserve

3436 4253 39 32 est
3498 4251 120 41 reportée
3640 4260 36 22 au
3696 4245 34 38 16
3752 4250 56 40 juin

3385 4328 12 13 <
3410 4323 35 19 La
3460 4319 103 22 Journée
3580 4320 28 20 c'e
3625 4320 119 19 l'Officier
3759 4320 29 19 de
3803 4320 77 20 Réser-

3361 4353 26 14 ve
3395 4354 18 16 »,
3430 4347 40 23 qui
3484 4346 65 20 avait
3565 4344 37 21 été
3616 4344 63 21 fixée
3694 4349 32 16 au
3741 4345 26 19 19
3780 4346 56 22 mai,
3853 4346 37 19 est

3360 4371 106 26 leportée
3483 4376 32 15 au
3532 4371 26 19 16
3575 4370 54 24 juin
3647 4370 191 21 conformément
3857 4375 32 16 au

3360 4397 62 21 désir
3436 4395 104 26 exprimé
3556 4401 45 19 pa"
3615 4396 22 19 le
3652 4396 54 23 Roi,
3721 4396 41 24 qui
3777 4401 55 15 sera
3849 4396 31 20 ab-

3360 4424 52 19 sent
3427 4423 28 19 de
3470 4422 112 23 Belgique
3597 4421 22 19 le
3632 4421 26 19 19
3672 4422 56 19 mai.

3385 4449 31 19 Le
3430 4446 70 21 défilé
3513 4447 41 19 des
3565 4446 114 20 Officiers
3691 4447 28 19 de
3731 4446 94 21 réserve
3836 4446 42 20 Bel-

3361 4478 40 20 ges
3418 4477 60 15 aura
3492 4472 59 19 donc
3566 4472 54 22 lieu,
3635 4472 23 19 le
3673 4472 26 19 16
3715 4472 58 24 juin,
3788 4471 15 21 à
3818 4472 26 19 11
3857 4471 31 24 h.,

3348 4494 5 26 |
3361 4499 65 24 place
3439 4498 40 20 des
3489 4497 87 20 Palais.

63 4569 29 21 13
110 4570 109 20 «Nation
238 4571 92 24 Belge»
351 4571 32 20 du
402 4571 26 19 11
448 4571 62 20 avril
529 4571 59 21 1935.

60 4642 65 69 U
136 4642 253 69 TRAGEDIE
408 4642 69 69 DU
492 4642 99 69 SUD

138 4743 46 22 par
197 4734 121 25 Edouard
332 4735 32 25 de
379 4734 140 24 KEYSER

94 4841 33 6 —
146 4828 101 26 L'autre
267 4828 67 30 jour,
356 4827 160 30 reprenait-il,
538 4828 16 25 il
577 4835 15 16 a

65 4859 98 31 grimpé
177 4867 33 16 au
228 4859 50 25 mât
295 4859 30 25 de
342 4860 23 24 la
383 4858 29 25 T.
427 4860 25 24 S.
468 4858 29 25 F.
515 4859 64 31 Quel-

66 4891 106 30 quefois,
189 4898 65 22 pour
270 4890 63 24 faire
349 4891 23 23 la
389 4890 81 29 sieste,
487 4891 16 24 il
521 4890 56 25 choi-

66 4921 35 25 sit
118 4922 24 24 la
162 4921 63 24 cime
243 4921 44 24 des
307 4922 55 29 plus
381 4921 75 24 hauts
475 4922 115 29 palmiers

66 4952 33 25 de
114 4952 74 25 Cora.
203 4952 50 24 Par
265 4952 51 30 jeu,
333 4953 16 23 il
365 4957 71 20 saute
451 4960 31 17 en
498 4959 93 23 croupe

68 4983 34 24 du
117 4982 178 26 commandant
309 4983 43 25 des
367 4982 150 31 Sénégalais,
531 4987 6 5 '
556 4991 36 16 rs-

68 5021 50 22 que
131 5013 99 25 celui-ci
245 5022 27 16 se
288 5014 118 30 promène
420 5023 43 17 sur
480 5015 23 24 la
517 5019 74 20 route

67 5044 33 26 de
119 5044 173 30 Touggourt...
313 5045 23 24 Il
355 5053 18 22 y
392 5050 72 20 saute
490 5046 101 26 debout,

67 5076 201 28 naturellement,
287 5083 97 18 comme
403 5083 34 18 un
454 5076 90 31 jockey
562 5076 30 24 de

68 5106 109 32 cirque...

99 5138 37 25 La
152 5137 68 26 lèvre
235 5138 140 24 retroussée
392 5145 59 18 sous
469 5138 24 24 la
509 5146 71 16 mous-

69 5169 81 27 tache,
166 5169 17 24 il
202 5173 117 26 ponctua,
338 5176 51 17 non
408 5177 58 17 sans
485 5177 34 18 un
537 5170 54 24 brin

69 5200 32 24 de
114 5199 91 31 mépris
225 5207 7 17 :

99 5243 31 6 —
144 5232 30 29 Je
189 5239 31 17 ne
235 5231 56 31 puis
307 5232 24 24 le
346 5231 60 29 nier,
422 5231 18 25 il
456 5239 15 16 a
487 5231 33 25 du
536 5239 45 17 suc-

69 5261 49 26 cès.

99 5293 219 30 Machinalement,
335 5294 16 25 il
368 5294 111 31 polissait
495 5302 61 17 avec
570 5294 23 25 le

70 5332 80 24 pouce
165 5326 35 25 les
215 5325 87 31 ongles
318 5326 31 24 de
364 5333 27 18 sa
407 5326 67 24 main
489 5326 104 30 gauche.

69 5356 23 25 Il
106 5357 51 30 jeta
170 5357 36 26 les
220 5364 66 23 yeux
299 5364 44 18 sur
357 5364 34 17 un
406 5365 95 22 groupe
515 5358 65 24 d'An-

69 5389 90 30 glaises
179 5389 43 30 qui
242 5389 91 24 entrait
352 5389 62 24 dans
434 5389 22 24 le
477 5389 70 24 salon
568 5392 25 21 et

69 5424 137 28 parcourut
227 5420 36 25 les
287 5421 86 24 misses
394 5428 61 17 avec
476 5420 117 29 compl.ii-

68 5460 76 19 tanec
160 5456 25 22 et
200 5451 114 30 sagacité.

643 4587 33 7 —
690 4575 22 25 Il
727 4576 41 29 n'y
784 4583 15 16 a
815 4576 56 30 qu'à
887 4576 50 24 moi
947 4576 58 30 qu'il
1020 4576 60 29 joue
1097 4576 43 23 des

616 4610 70 20 tours
695 4607 141 29 pendables,
853 4607 178 28 continua-t-il,
1047 4613 93 23 voj-ant

617 4645 47 22 que
679 4638 23 24 le
715 4638 67 30 sujet
797 4638 140 25 intéressait
953 4639 24 23 la
991 4639 76 29 jeune
1081 4639 59 23 fille.

616 4669 22 24 Il
652 4669 142 24 s'introduit
807 4670 61 24 dans
882 4678 59 15 mon
955 4670 102 27 bureau,
1071 4670 69 29 signe

617 4708 51 16 mes
682 4701 105 30 papiers,
801 4700 86 26 inscrit
903 4701 43 24 des
963 4705 72 20 notes
1051 4701 77 24 ridicu-

616 4732 36 24 les
667 4739 30 16 en
712 4739 85 22 marge
810 4732 43 24 des
868 4732 166 27 formulaires,
1048 4732 81 24 brouil-

617 4763 22 23 le
658 4770 51 17 mes
728 4763 79 25 fiches
828 4764 30 23 de
877 4763 120 24 clientèle.
1015 4763 54 30 J'en
1089 4763 51 24 suis

618 4794 80 25 réduit
714 4794 15 24 à
747 4798 56 20 tout
819 4794 130 24 enfermer.

644 4837 32 6 —
689 4825 72 25 Vous
788 4826 76 23 l'avez
890 4825 88 24 amené
1005 4824 15 24 à
1047 4824 94 26 l'Hôtel

616 4855 220 32 Transatlantique
859 4857 11 24 ?

643 4899 33 6 —
695 4888 114 32 Lorsque
825 4888 26 30 je
870 4887 51 25 suis
956 4886 72 31 parti,
1048 4887 16 24 il
1083 4886 58 24 s'est

617 4919 118 30 précipité
748 4920 62 24 dans
823 4927 40 17 ma
875 4919 106 24 voiture.
995 4919 57 29 Que
1064 4918 79 24 faire?

617 4950 86 24 Plutôt
720 4958 47 22 que
782 4951 30 24 de
827 4951 142 27 descendre,
986 4950 16 24 il
1019 4950 111 29 étrangle-

618 4982 47 23 rait
685 4983 22 23 le
728 4982 154 24 chauffeur...
919 4982 42 23 Du
983 4985 72 24 reste,
1075 4981 25 29 je
1120 4980 23 24 lc

618 5012 95 30 préfère
732 5014 15 24 à
766 5013 173 31 Touggourt...
959 5012 65 25 Dieu
1043 5012 48 24 sait
1111 5018 30 17 en

618 5044 56 29 quel
688 5044 51 25 état
751 5045 25 29 je
789 5044 140 26 trouverais
944 5052 40 16 ma
998 5044 95 24 maison
1109 5050 32 17 au

619 5079 106 20 retour...
742 5076 24 24 Il
783 5084 40 17 me
839 5077 50 24 suit
907 5077 63 24 dans
988 5083 52 17 mes
1058 5074 73 30 dépla-

618 5110 109 21 cements
742 5108 134 24 d'affaires.
891 5108 22 25 Il
929 5115 31 16 ne
976 5107 107 24 cherche
1098 5113 44 23 pas

617 5137 15 23 à
644 5137 157 27 s'introduire
813 5139 62 24 dans
889 5140 35 24 les
938 5138 89 25 hôtels.
1043 5138 46 25 Les
1103 5136 28 25 of-

618 5167 82 26 ficiers
716 5170 41 28 qui
772 5170 22 24 le
809 5170 160 26 connaissent
986 5174 65 24 tous,
1066 5169 24 25 le
1104 5175 27 18 re-

618 5200 123 25 cueillent.
755 5200 71 25 Vous
840 5202 23 24 le
877 5201 139 25 trouveriez
1032 5201 60 24 chez
1107 5207 34 16 un

619 5230 136 26 lieutenant
770 5239 33 17 ou
817 5240 34 16 un
865 5233 129 29 capitaine.
1008 5232 22 24 Il
1044 5233 35 23 les
1093 5231 37 24 dis-

620 5263 65 24 trait.

647 5293 34 26 Et
697 5294 153 31 sarcastique
869 5301 8 17 :

643 5337 32 6 —
684 5325 115 30 J'excuse
810 5334 42 16 ces
864 5325 140 26 messieurs.
1017 5325 41 25 On
1071 5333 57 16 man-

618 5364 48 23 que
685 5357 187 28 d'amusement,
891 5357 62 25 dans
972 5358 24 24 le
1015 5357 64 24 bled.

647 5389 22 23 Il
689 5389 81 24 aurait
805 5388 137 26 volontiers
980 5389 69 24 lancé
1074 5388 56 30 quel-

619 5427 60 23 ques
696 5421 97 30 pointes
810 5425 88 20 contre
914 5420 167 29 l'occupation
1099 5419 31 25 mi-

618 5451 88 28 litaire,
722 5460 43 17 car
780 5453 17 24 il
815 5451 118 26 détestait
949 5452 25 26 U
991 5458 152 19 cooeurrea-

1166 4585 28 16 ce
1206 4577 43 23 des
1263 4575 124 25 médecins
1400 4575 31 24 de
1445 4574 139 29 garnisons,
1599 4573 61 23 mais
1675 4572 16 23 il

1165 4616 27 17 se
1206 4608 100 24 souvint
1322 4606 14 24 à
1352 4611 80 24 temps
1448 4613 47 22 que
1511 4605 35 23 M.
1560 4604 130 24 Chanton-

1165 4646 49 22 nay
1232 4638 61 24 était
1311 4637 108 29 général,
1439 4642 24 18 et
1481 4637 17 23 il
1517 4635 139 30 poursuivit
1680 4642 6 15 :

1194 4681 31 6 —
1241 4670 83 23 Alban
1342 4676 15 17 a
1374 4668 24 24 la
1416 4667 109 30 toquade
1542 4679 31 5 —
1591 4666 59 24 c'est
1668 4666 22 23 le

1166 4704 53 21 mot
1229 4713 31 5 —
1272 4701 33 23 du
1319 4700 127 23 tourisme.
1461 4699 112 28 Lorsque
1586 4698 25 29 je
1625 4701 64 19 reste

1166 4736 57 26 trop
1244 4732 142 28 longtemps
1407 4730 15 24 à
1442 4730 95 27 Biskra,
1573 4729 16 25 il
1610 4728 70 29 dispa-

1165 4763 54 24 rait.
1234 4763 23 24 Il
1273 4767 88 20 trouve
1377 4761 116 29 toujours
1507 4767 34 17 un
1558 4760 133 23 chamelier

1165 4802 33 17 ou
1222 4802 34 16 un
1280 4792 186 25 automobiliste
1490 4792 42 29 qui
1554 4790 136 25 l'emmène.

1168 4825 41 24 On
1227 4825 31 24 l'a
1276 4832 33 16 vu
1326 4824 15 24 à
1359 4823 124 28 El-Oued,
1499 4823 15 23 à
1533 4821 119 30 Ouargla.
1669 4821 22 23 Il

1168 4857 94 23 revient
1279 4854 72 31 après
1369 4855 119 30 quelques
1504 4854 71 29 jours
1592 4859 61 18 avec
1669 4852 23 24 lc

1167 4896 57 16 sens
1246 4887 31 24 de
1297 4886 168 24 l'orientation
1488 4892 117 17 commun
1641 4891 51 16 aux

1169 4918 103 30 pigeons
1295 4923 24 19 et
1339 4925 51 17 aux
1411 4917 81 24 idiots.

1197 4950 21 24 Il
1234 4948 105 25 délaissa
1355 4955 33 19 un
1404 4948 65 29 sujet
1485 4948 96 24 devenu
1598 4946 93 24 oiseux.

1195 4992 32 6 —
1247 4980 72 24 Vous
1356 4984 107 19 resterez
1500 4980 142 27 longtemps
1677 4976 16 24 à

1168 5011 157 30 Touggourt,
1343 5009 184 25 mademoiselle
1549 5009 11 25 ?

1195 5054 33 7 —
1248 5042 72 24 Nous
1343 5046 102 26 partons
1466 5039 191 31 après-demain.

1196 5085 31 7 —
1245 5073 62 28 Moi,
1325 5073 97 24 demain
1442 5072 84 25 matin.
1543 5072 29 29 Je
1591 5071 88 23 deman-

1167 5104 68 26 derai
1253 5112 50 16 aux
1321 5104 110 24 officiers
1448 5104 30 24 de
1496 5103 119 25 conduire
1634 5109 57 16 mon

1169 5136 174 31 pensionnaire
1363 5135 16 25 à
1400 5137 23 23 la
1445 5135 119 24 voiture...
1594 5134 22 23 A
1639 5133 42 24 Bis-

1167 5168 52 27 kra,
1230 5166 105 31 j'espère
1347 5175 48 22 que
1408 5174 62 17 vous
1483 5174 38 16 me
1534 5166 67 24 ferez
1613 5164 67 24 l'hon-

1169 5206 63 18 neur
1254 5199 30 24 de
1305 5198 70 24 venir
1396 5198 60 24 chez
1479 5198 50 24 moi
1567 5204 60 17 avec
1648 5203 45 16 vos

1168 5230 71 25 amis.

1199 5261 144 27 Là-dessus,
1364 5261 16 24 il
1400 5260 49 31 prit
1469 5260 86 30 congé.

1199 5292 124 30 Guyonne
1347 5294 23 23 lc
1395 5292 104 29 regarda
1523 5290 78 31 partir
1615 5307 8 7 .
1648 5288 46 25 Cet

1169 5325 101 24 homme
1287 5323 82 25 aurait
1387 5323 206 25 admirablement
1611 5320 83 31 figuré

1170 5364 33 16 un
1216 5356 58 24 chef
1285 5355 62 25 dans
1360 5363 33 16 un
1407 5355 53 24 film
1474 5353 172 32 représentant
1658 5353 36 24 les

1169 5387 58 29 âges
1244 5388 125 23 barbares.
1386 5386 98 25 Nadine
1503 5394 30 16 en
1551 5385 95 30 jugeait
1664 5383 30 24 de

1171 5419 87 25 même.
1280 5418 55 25 Elle
1357 5417 112 29 souriait,
1491 5418 36 24 les
1549 5416 79 25 lèvres
1651 5422 45 18 ou-

1171 5456 80 19 verlcs
1268 5458 43 17 sur
1326 5458 39 17 ses
1383 5449 89 30 petites
1489 5450 81 24 dents.
1586 5447 55 27 Elle
1656 5455 38 17 sa¬

1720 4573 96 22 vourait
1840 4579 47 16 une
1911 4571 87 23 vision.
2021 4570 36 24 La
2077 4570 102 23 lumière
2201 4570 40 29 qui

1719 4603 90 24 entrait
1832 4610 44 22 par
1912 4603 23 22 la
1971 4602 95 23 fenêtre
2087 4609 25 16 se
2133 4600 108 24 reflétait

1718 4634 62 24 dans
1802 4641 39 17 ses
1864 4641 73 21 yeux,
1960 4640 48 22 que
2031 4632 121 29 Guyonne
2176 4632 65 23 avait

1719 4665 115 29 toujours
1853 4672 96 16 connus
1968 4668 72 24 mats,
2056 4671 97 16 comme
2170 4663 21 23 si
2208 4669 32 17 un

1718 4697 63 22 voile
1795 4695 80 24 baissé
1889 4696 15 23 i
1918 4695 95 24 dessein
2030 4703 15 21 y
2060 4694 130 25 enfermait
2205 4694 35 23 les

1718 4727 91 24 lueurs.

1749 4758 38 24 De
1805 4763 55 19 tout
1877 4757 137 26 l'entretien
2032 4758 89 28 auquel
2140 4756 45 24 elle
2201 4762 29 17 ve-

1719 4790 51 24 nait
1794 4789 132 28 d'assister,
1949 4789 46 23 elle
2018 4789 91 23 n'avait
2131 4787 109 24 entendu

1719 4828 47 22 que
1790 4820 66 24 deux
1878 4827 32 16 ou
1934 4820 61 23 trois
2018 4820 101 28 phrases
2142 4818 41 30 qui
2207 4817 33 24 lui

1718 4851 158 30 apportaient
1898 4858 48 17 une
1969 4850 144 24 révélation.

1745 4894 31 6 —
1795 4882 114 26 Celui-là,
1928 4882 60 23 c'est
2006 4889 34 16 un
2061 4880 64 28 chef,
2145 4880 95 24 fit-clie.

1748 4913 180 29 L'après-midi.
1959 4912 123 29 Guyonne
2112 4919 26 16 se
2168 4911 74 24 laissa

1719 4952 84 16 mener
1832 4952 51 16 aux
1912 4943 148 24 Tombeaux
2090 4943 43 23 des
2165 4942 73 28 Rois;

1717 4983 61 17 avec
1791 4976 34 24 les
1838 4980 92 23 autres,
1944 4975 45 24 elle
2004 4979 85 20 monta
2104 4982 42 16 sur
2160 4974 21 18 '«•
2197 4974 32 23 mi-

1718 5011 70 20 naret
1805 5007 31 24 de
1851 5007 23 23 la
1891 5014 101 16 caserne
2009 5014 64 21 pour
2088 5005 154 29 contempler

1718 5039 23 23 la
1758 5039 75 23 chute
1850 5038 33 24 du
1901 5037 69 24 soleil
1988 5037 62 24 dans
2067 5038 34 22 les
2119 5037 79 23 dunes
2217 5041 23 18 ft

1718 5070 35 24 les
1776 5069 96 24 fumées
1896 5069 84 24 bleues
2006 5069 40 29 qui
2070 5067 117 25 s'élèvent
2211 5067 30 24 de

1718 5101 23 23 la
1761 5099 132 31 palmeraie
1915 5107 96 16 mauve.
2030 5099 149 29 Touggourt
2200 5098 30 24 l'a-

1719 5132 50 24 vait
1789 5131 119 28 comblée,
1929 5136 24 19 et
1974 5138 32 16 au
2027 5131 60 23 delà.
2111 5129 131 29 L.imprcs-

1719 5164 54 24 sion
1798 5163 80 24 même
1901 5163 33 23 du
1957 5161 64 25 Souf
2043 5169 50 17 aux
2117 5160 125 30 coupoles,

1719 5195 30 24 de
1766 5193 70 31 l'Erg
1853 5193 147 30 inquiétant,
2018 5201 26 16 se
2061 5192 109 24 trouvait
2188 5198 43 17 sur-

1721 5225 93 30 passée.
1840 5224 141 28 Toutefois,
2007 5224 45 24 elle
2077 5223 106 24 n'aurait
2208 5229 33 22 pu

1719 5256 91 25 définir
1836 5256 19 24 si
1880 5257 24 24 la
1929 5255 51 30 joie
2005 5255 41 30 qui
2073 5254 112 31 palpitait
2210 5260 32 16 au

1719 5288 62 25 fond
1801 5288 71 24 d'elle
1894 5287 129 30 provenait
2045 5288 30 23 de
2095 5291 65 19 cette
2183 5292 47 16 cou-

1719 5320 54 24 leur
1795 5320 79 24 locale
1897 5319 97 24 intense
2016 5326 33 17 ou
2072 5318 20 24 si
2115 5316 81 25 c'était
2219 5315 24 24 la

1721 5351 136 25 résultante
1881 5350 31 24 de
1935 5350 88 30 l'appel
2048 5353 79 22 secret
2152 5347 90 30 auquel

1720 5384 45 24 elle
1782 5383 66 24 avait
1866 5381 62 25 obéi.
1945 5381 50 26 Car
2011 5389 27 16 sa
2055 5380 139 31 prescience
2212 5385 31 16 ne

1720 5414 82 25 l'avait
1821 5421 43 23 pas
1882 5412 119 30 trompée.
2020 5413 21 24 Il
2061 5411 76 25 fallait
2156 5409 87 31 qu'elle

1721 5447 39 25 fû.
1780 5447 33 27 là,
1830 5445 88 28 qu'elle
1938 5444 35 25 vît
1992 5444 23 25 lc
2036 5444 99 24 dément
2149 5442 32 25 1...

2297 4570 173 24 Chaudement
2502 4573 124 23 couverte,
2657 4568 46 23 elle
2734 4568 44 23 s'in-

2267 4602 72 23 stalla
2355 4609 43 15 sur
2416 4602 22 22 le
2454 4601 96 23 balcon.
2569 4601 35 24 La
2621 4599 54 24 nuit
2693 4606 97 22 opaque

2267 4637 24 19 et
2308 4632 80 23 froide
2404 4632 120 28 rappelait
2542 4632 72 23 celles
2632 4631 75 28 qu'on
2723 4630 66 23 avait

2268 4663 97 29 passées
2380 4671 42 15 sur
2435 4664 22 22 le
2471 4664 36 22 sol
2520 4662 43 24 des
2576 4662 80 28 bordj.
2671 4662 41 23 Un
2726 4661 63 23 voile

2267 4695 30 23 de
2317 4702 80 21 nuage
2418 4692 101 31 effaçait
2539 4694 34 23 les
2595 4692 194 24 constellations.

2269 4726 39 23 Au
2335 4730 84 18 centre
2447 4725 30 23 de
2502 4725 23 22 la
2552 4725 76 28 place,
2654 4723 132 27 brillaient,

2267 4756 86 25 étoiles
2372 4757 168 28 aveuglantes,
2558 4756 35 24 les
2612 4756 66 22 deux
2697 4756 92 27 lampes

2267 4788 14 23 à
2299 4787 127 29 acétylène
2444 4788 43 23 des
2505 4787 109 24 derniers
2634 4786 156 24 marchands.

2267 4819 31 23 U.
2332 4819 127 23 mendiant
2483 4818 136 23 demeurait
2644 4817 89 23 adossé
2757 4823 32 16 au

2270 4851 137 22 marabout.
2431 4850 103 28 Chaque
2558 4849 47 24 fois
2628 4857 48 21 que
2698 4848 92 30 passait

2268 4889 34 16 un
2321 4881 92 27 Arabe,
2434 4881 134 23 silhouette
2589 4879 91 25 furtive
2702 4884 24 19 et
2748 4879 30 23 fri-

2268 4913 74 26 leuse,
2361 4913 23 22 la
2403 4912 59 23 voix
2482 4911 83 24 cassée
2584 4911 104 31 pleurait
2709 4918 27 16 sa
2755 4911 24 23 la-

2269 4943 137 23 mentation
2422 4950 5 15 :

2295 4986 31 5 —
2344 4974 48 23 Par
2409 4973 50 24 Sidi
2479 4973 56 23 Abd
2554 4974 22 23 cl
2595 4972 84 24 Kadcr
2698 4970 91 31 Djilali,

2269 5005 72 23 faites
2375 5005 123 23 l'aumône
2530 5011 63 22 pour
2625 5004 101 24 acheter
2757 5003 32 23 du

2269 5036 80 30 pain...

2298 5067 41 23 Un
2362 5066 100 24 homme
2485 5065 100 24 marcha
2606 5074 43 17 sur
2670 5065 109 30 l'empier-

2269 5102 96 20 rement
2384 5098 31 24 de
2435 5099 23 22 la
2480 5105 51 16 rue.
2551 5096 21 24 Il
2592 5098 66 23 tirait
2679 5104 34 17 un
2733 5097 47 23 cha-

2269 5137 71 16 meau
2362 5137 45 21 par
2425 5129 23 23 la
2470 5128 75 24 bride.
2569 5128 120 30 Lorsqu'il
2710 5128 80 24 arriva

2269 5168 58 16 sous
2341 5160 23 23 la
2378 5160 80 29 lampe
2471 5160 14 23 à
2500 5159 94 29 pétrole
2607 5161 33 23 du
2655 5158 136 28 réverbère,

2269 5191 124 29 Guyonne
2415 5196 123 18 reconnut
2562 5190 22 23 le
2606 5190 114 29 goumier
2742 5189 49 30 qui,

2269 5223 33 23 du
2317 5223 61 23 haut
2394 5223 31 23 de
2442 5230 27 16 sa
2485 5221 63 27 bête,
2565 5223 65 23 avait
2646 5229 34 16 un
2697 5222 93 23 instant

2269 5254 141 28 contemplé
2426 5252 162 28 Villedaignc.

2299 5285 37 24 La
2356 5293 48 16 vue
2425 5285 32 23 du
2481 5283 132 26 méhariste
2634 5284 92 24 suscita
2748 5284 43 23 des

2270 5316 66 24 idées
2362 5316 118 24 confuses
2504 5322 58 17 sans
2588 5317 72 23 ordre
2685 5320 25 19 et
2735 5322 58 16 sans

2270 5348 56 23 lien.
2345 5345 54 25 Elle
2417 5347 89 24 voulut
2525 5346 114 29 analyser
2658 5355 39 16 ses
2718 5346 63 23 senti-

2269 5383 81 20 ments
2368 5382 25 20 et
2411 5378 40 29 n'y
2461 5382 54 25 "put
2532 5379 126 28 parvenir:
2682 5379 22 22 la
2724 5382 67 20 sorte

2270 5409 86 25 d'éveil
2377 5408 41 30 qui
2438 5410 23 23 la
2483 5410 161 27 transportait
2664 5410 34 23 lui
2719 5412 72 26 parut

2272 5440 247 29 incompréhensible,
2544 5440 129 25 indécente
2698 5447 97 17 comme

2815 4569 22 22 le
2859 4568 47 23 rire
2927 4568 91 23 devant
3040 4576 33 16 un
3095 4569 126 23 tombeau.
3244 4568 96 29 Qu'elle

2815 4599 38 23 fût
2875 4598 122 25 satisfaite
3017 4599 95 24 d'avoir
3132 4600 133 23 rencontré
3288 4599 41 23 Vil-

2815 4630 121 28 ledaignc,
2970 4629 82 25 c'était
3083 4631 150 28 admissible,
3267 4638 73 21 parce

2816 4661 87 30 qu'elle
2924 4661 80 24 aurait
3026 4669 33 22 pu
3082 4662 22 23 le
3126 4662 80 24 croire
3230 4662 98 23 malheu-

2816 4700 68 19 reux,
2913 4697 24 19 et
2966 4692 88 29 qu'elle
3084 4694 21 22 le
3136 4694 109 22 trouvait
3274 4692 65 30 plein

2815 4723 181 24 d'exubérrnce
3017 4729 24 18 et
3063 4724 29 23 de
3112 4723 89 30 gaict*.
3223 4724 52 23 Son
3297 4731 32 16 an-

2815 4756 53 22 cien
2893 4754 139 30 partenaire
3056 4755 30 23 de
3110 4755 82 23 tennis
3218 4762 30 16 ne
3271 4755 58 24 souf-

2817 4786 57 23 frait
2897 4793 50 22 pas.
2969 4785 33 24 Sa
3023 4786 104 23 maladie
3149 4786 33 23 lui
3204 4786 82 23 faisait
3307 4793 32 16 un

2817 4821 53 19 sort
2895 4824 71 16 assez
2992 4817 77 28 doux,
3096 4817 116 29 puisqu'il
3241 4817 97 28 gardait

2817 4856 48 15 une
2883 4847 87 24 liberté
2989 4848 19 23 si
3029 4855 54 17 rare
3101 4856 30 15 en
3151 4848 77 29 pareil
3246 4855 50 16 cas.

2846 4879 34 24 Le
2907 4884 52 18 mot
2985 4879 77 29 épave
3086 4879 66 23 avait
3178 4879 110 23 traversé
3313 4886 27 16 sa

2817 4909 97 30 pensée.
2932 4909 53 25 Elle
3003 4917 25 16 se
3046 4909 102 24 révolta.
3167 4910 113 28 Lorsque
3301 4910 20 22 A
3333 4922 9 5 -

2816 4941 50 23 ban
2894 4941 78 24 tenait
3000 4941 35 23 les
3062 4939 131 31 paupières
3220 4940 117 25 baissées.

2816 4979 33 16 on
2866 4972 22 23 le
2905 4972 103 29 prenait,
3025 4976 56 19 tout
3097 4979 32 15 au
3148 4972 62 29 plus,
3228 4979 64 22 pour
3308 4979 33 16 un

2817 5003 149 23 insouciant.
2993 5003 20 23 11
3041 5010 26 16 se
3092 5002 189 24 désintéressait
3307 5003 31 23 de

2818 5039 54 19 tout
2890 5042 26 16 se
2933 5035 41 28 qui
2992 5033 84 24 n'était
3094 5041 43 22 pas
3155 5042 27 16 sa
3197 5033 144 31 divagation

2817 5065 181 26 momentanée,
3017 5065 61 23 mais
3098 5065 15 23 il
3133 5065 97 28 gardait
3250 5066 22 22 la
3291 5065 39 24 mê-

2818 5104 39 15 me
2882 5096 84 29 figure
2993 5096 172 28 qu'autrefois,
3190 5103 58 18 sans
3275 5100 66 20 cette

2818 5131 65 20 mort
2903 5127 122 29 anticipée
3046 5127 57 29 qu'y
3124 5127 90 29 plaque
3234 5127 96 24 ordinai-

2817 5163 96 19 rement
2933 5159 23 23 la
2975 5158 65 23 folie.
3062 5157 120 25 Réaction
3204 5159 74 23 d'une
3299 5165 31 17 na-

2818 5193 55 20 ture
2897 5197 31 17 en
2952 5190 107 22 tumulte
3083 5194 24 19 et
3130 5189 73 24 d'une
3228 5190 115 28 jeunesse

2818 5221 41 29 qui
2880 5221 91 24 n'avait
2991 5228 43 22 pas
3054 5220 44 24 fini
3118 5221 31 23 de
3168 5228 26 16 se
3214 5221 128 28 dépenser,

2817 5253 22 22 lc
2857 5252 109 29 principe
2982 5251 78 24 même
3077 5252 31 23 de
3123 5252 23 23 la
3161 5252 58 28 joie,
3234 5252 109 23 l'ivresse

2817 5283 31 23 de
2865 5283 76 27 vivre,
2958 5282 176 30 remplaçaient
3151 5284 35 23 les
3203 5283 86 27 affres,
3307 5283 35 23 les

2819 5314 125 27 douleurs,
2976 5314 35 24 les
3045 5314 125 23 blessures
3205 5314 138 23 inconnues

2819 5345 41 29 qui
2880 5345 99 24 avaient
2999 5345 64 29 noyé
3082 5352 28 17 sa
3130 5345 90 24 raison.

2848 5377 81 23 Alban
2961 5376 66 24 avait
3058 5376 50 29 pris
3138 5376 101 29 l'aspect
3269 5375 74 24 d'une

2819 5407 56 25 bête
2896 5408 30 23 de
2946 5408 65 25 luxe,
3033 5406 82 24 élevée
3137 5414 63 22 pour
3220 5407 43 23 des
3284 5414 47 16 con-

2819 5447 74 17 cours
2909 5439 31 24 de
2957 5439 90 24 vitesse
3064 5443 25 20 et
3107 5438 30 25 de
3153 5443 77 20 sauts.
3247 5438 24 24 Il
3287 5445 56 22 rap¬

3366 4568 75 29 pelait
3461 4568 35 23 les
3516 4567 112 28 sloughis
3651 4567 48 24 fins
3722 4572 24 19 et
3766 4567 125 29 puissants

3366 4599 42 29 qui
3427 4603 127 25 attrapent
3573 4606 33 15 un
3627 4597 76 25 lièvre
3720 4598 16 24 à
3753 4598 24 23 la
3796 4603 97 21 course,

3366 4635 25 19 et
3410 4637 58 17 sans
3486 4629 162 25 s'essouffler,
3668 4630 98 24 suivent
3785 4630 22 23 le
3828 4627 65 25 train

3365 4661 30 24 de
3415 4661 149 29 Touggourt
3586 4668 32 16 ou
3640 4661 77 23 l'auto
3737 4660 155 29 d'Ouargha.

3396 4692 57 24 Une
3475 4692 84 29 épave,
3582 4692 83 23 Alban
3690 4691 81 23 Villed
3780 4691 67 29 ligne
3860 4690 33 24 ?...

3367 4723 88 25 Allons
3480 4724 65 23 donc
3559 4723 6 24 !
3592 4723 42 24 S'il
3658 4722 80 24 s'était
3762 4722 62 28 levé,
3847 4722 47 24 elle

3367 4754 96 24 l'aurait
3480 4754 116 24 retrouvé
3613 4754 33 24 tel
3664 4754 163 30 qu'autrefois
3847 4753 47 30 (un

3369 4786 77 23 mètre
3463 4785 256 25 soixante-dix-neuf)
3739 4785 50 25 très
3807 4785 88 27 mince,

3367 4824 59 16 avec
3447 4825 39 16 ses
3509 4821 173 19 mouvements
3704 4816 32 24 de
3758 4822 68 19 torse
3848 4823 46 17 on-

3368 4848 100 25 dulcux.
3487 4849 77 28 pareil
3581 4848 15 23 à
3614 4856 34 15 un
3666 4848 80 29 grand
3764 4847 66 25 félin.

3397 4877 97 25 Etait-il
3514 4878 146 28 nécessaire,
3677 4879 73 24 sinon
3770 4886 114 16 convena-

3368 4910 46 26 ble,
3427 4910 31 24 de
3471 4910 22 23 lc
3508 4910 82 24 revoir
3602 4910 15 23 à
3632 4910 96 28 Biskra,
3743 4911 66 22 deux
3823 4910 72 29 jours

3369 4941 54 28 plus
3445 4941 55 24 tard
3514 4941 10 23 ?
3546 4941 53 24 Elle
3621 4948 31 17 ne
3674 4942 101 29 pouvait
3796 4949 43 21 pas
3860 4940 35 24 lui

3368 4971 52 24 être
3437 4972 66 23 utile.
3520 4972 129 24 N'avait-il
3666 4981 43 22 pas
3728 4977 55 20 tout
3801 4980 28 16 ce
3848 4979 48 23 que

3368 5003 135 24 souhaitait
3518 5011 26 17 sa
3560 5003 136 25 démence?
3711 5005 23 23 A
3750 5009 56 19 tout
3823 5011 60 22 pren-

3368 5034 51 27 dre,
3435 5035 45 23 elle
3498 5042 31 16 ne
3546 5035 78 24 tenait
3641 5043 43 22 pas
3702 5035 15 24 à
3733 5039 83 20 entrer
3833 5035 62 23 dans

3368 5065 23 23 la
3409 5065 94 23 maison
3521 5065 31 24 de
3569 5073 28 17 ce
3613 5067 106 23 docteur
3735 5067 102 25 Bastan.
3854 5065 42 30 qui

3369 5103 31 17 ne
3419 5096 34 23 lui
3473 5097 98 28 plaisait
3590 5097 85 30 guère.
3696 5097 39 24 En
3757 5099 53 24 elle,
3831 5097 53 24 nais-

3368 5127 46 23 sait
3433 5127 80 25 même
3530 5136 50 16 une
3597 5129 147 29 antipathie,
3760 5129 137 23 résistance

3369 5158 121 24 naturelle
3519 5158 15 24 à
3565 5160 165 25 l'admiration
3761 5164 56 25 trop
3849 5165 47 25 peu

3369 5188 105 25 discrète
3490 5198 47 21 que
3553 5191 21 23 lc
3590 5192 89 28 regard
3695 5192 30 24 de
3741 5197 39 19 cet
3796 5192 101 23 homme

3368 5220 67 24 avait
3451 5221 219 26 audacieusement
3687 5222 121 26 affirmée.

3400 5251 36 24 La
3453 5252 117 29 jeunesse
3589 5253 106 30 possède
3713 5255 44 24 des
3775 5257 122 21 antennes

3370 5282 50 24 très
3442 5283 128 28 sensibles,
3592 5285 42 29 qui
3655 5286 25 24 la
3702 5286 143 30 dispensent
3867 5284 31 24 de

3370 5314 161 29 psvchologie
3554 5315 133 27 raisonnée
3711 5323 24 19 et
3759 5316 138 29 d'analyses

3370 5345 98 24 menées
3490 5347 69 23 selon
3580 5347 43 26 des
3643 5349 120 24 manuels.
3785 5348 48 25 Les
3852 5356 23 15 o-
3884 5359 13 8 -

3369 5376 43 24 des
3426 5377 122 26 touchent
3562 5387 46 18 son
3622 5387 69 17 cœur
3704 5385 23 20 et
3741 5388 30 15 ne
3784 5380 23 23 la
3820 5384 65 20 trom-

3370 5413 59 25 pent
3449 5416 52 23 pas.

3709 5440 35 32 [A
3763 5443 104 28 suive»*)
