2803 4249
846 110 202 34 OCCULTEZ

845 154 27 25 de
883 155 20 23 18
908 152 19 26 h.
933 154 19 23 16
959 151 13 26 à
978 152 12 24 7
998 150 19 25 h.
1022 151 25 24 37

234 156 175 46 INo-s
448 152 282 48 Echos

1127 124 4 51 1

1062 177 70 48 =J

1113 62 49 13 -
1194 54 18 27 2
1253 52 40 26 La
1308 48 141 28 Dernière
1464 45 96 26 Heure
1600 39 17 28 2

1162 110 46 44 M.
1230 105 182 48 PIERLOT
1433 94 222 53 S'EXPLIQUE

1220 175 128 45 devant
1368 173 33 43 la
1422 166 171 49 Chambre

135 266 53 24 Que
207 266 29 20 dc
256 265 125 24 harengs...
385 264 6 21 I

158 310 26 17 Le
209 309 103 18 ministère
336 310 26 16 du
387 308 164 17 Ravitaillement
576 309 51 13 nous

137 332 75 19 signale
238 335 36 16 que
299 331 33 16 550
357 332 72 15 tonnes
453 329 24 16 de
502 328 88 18 harengs
614 325 12 17 à

136 353 123 16 destination
277 352 24 17 dc
319 350 172 20 l'acglomératlon
509 347 117 17 bruxelloise

136 374 48 16 sont
200 372 88 18 arrivées
304 372 57 17 lundi
379 372 20 16 et
416 371 33 16 350
468 370 68 16 autres
554 369 72 16 tonnes

137 394 72 17 mardi.
223 395 37 16 Les
272 394 87 16 services
372 393 26 16 du
413 391 103 17 ministère
531 389 95 17 insistent

138 419 50 16 pour
202 419 37 15 que
254 415 28 17 les
296 415 105 16 habitants
415 412 93 17 enlèvent
522 410 93 17 immédia-

138 438 76 15 tement
227 437 54 16 leurs
295 435 83 18 rations,
393 434 44 16 afin
451 433 84 17 d'éviter
548 432 18 16 le
580 434 46 16 Bas-

137 457 79 20 pillage.

160 479 16 17 Il
193 479 73 17 semble
283 478 113 20 cependant
413 477 61 19 qu'un
491 474 81 21 produit
589 476 27 14 au-

137 501 30 15 tre
184 503 37 16 que
238 500 18 16 le
273 499 76 19 hareng
367 502 24 14 ne
408 496 108 21 déplairait
533 499 37 15 pas
586 497 39 13 aux

137 520 115 18 Bruxellois,
273 521 21 16 et
314 519 60 19 qu'au
395 518 39 16 lieu
454 517 24 17 de
498 515 75 18 900.000
594 515 31 18 kg.

136 542 24 16 dc
177 541 88 19 harengs
281 544 25 13 en
324 540 51 16 deux
392 539 61 19 Jours,
471 541 26 13 on
514 536 67 17 aurait
599 538 26 17 pu

135 565 86 17 envoyer
245 561 100 17 certaines
368 560 25 17 de
418 563 32 13 ces
474 556 152 18 marchandises

136 583 34 19 qui
192 587 21 12 sc
237 582 99 18 trouvent,
360 579 100 21 parait-il,
485 577 141 18 actuellement

135 607 26 12 au
180 603 46 20 port
242 603 101 16 d'Anvers.
363 609 22 4 —
403 600 23 17 H.

135 639 80 20 Achat
232 638 31 21 de
281 636 150 27 porcelaines

135 685 52 15 anc,
202 681 70 18 Chine.
287 679 61 19 Delft.
365 680 31 16 ete
418 679 52 18 Arg..
486 677 78 16 Verrer.
580 677 45 14 ane.

133 703 27 17 93.
173 702 82 17 Marché
267 705 18 13 a.
297 700 81 17 Herbes.
388 700 23 16 T.
422 702 5 14 :
440 697 88 18 11.32.36.
542 696 84 19 (7/D908

137 740 34 19 La
187 737 142 22 Résistance
346 733 152 23 hollandaise

158 782 38 17 Les
218 781 115 17 Allemands
356 781 36 15 ont
416 776 90 19 instauré
529 779 25 13 en
578 774 37 17 Hol-

136 803 66 19 lande,
216 806 38 16 par
267 802 100 20 province,
381 800 18 16 le
414 798 73 17 travail
501 797 124 18 obligatoire.

136 824 12 16 k
164 824 35 16 des
214 823 59 17 dates
287 821 99 21 espacées,
402 820 52 17 dans
468 818 80 19 l'espoir
563 816 52 17 d'évi-

136 846 31 15 ter
183 848 40 13 une
239 843 75 17 révolte
330 841 99 21 générale.

159 865 28 16 Us
200 869 20 12 se
235 865 46 15 sont
295 862 88 20 trompés
393 866 4 12 :
413 862 20 15 la
447 860 49 16 mise
510 862 26 13 au
551 858 74 16 travail

136 890 12 12 a
167 885 75 17 échoué
260 884 90 20 partout:
371 883 22 16 50
411 884 109 17 personnes
539 883 21 12 se
579 879 46 15 sont

136 905 114 21 présentées
262 908 25 13 en
299 908 28 12 un
339 903 80 17 endroit
431 901 26 17 où
469 901 30 17 les
510 899 116 18 Allemands

135 931 25 13 en
178 926 128 17 attendaient
324 924 39 17 650.

159 947 27 17 La
200 947 117 16 Résistance
331 945 47 17 s'est
392 943 61 17 livrée
468 942 11 17 k
493 945 40 13 nne
547 941 78 16 intense

136 967 135 20 propagande,
284 967 33 18 qui
331 970 25 12 ne
370 965 31 16 fut
415 968 36 14 nas
465 962 91 19 toujours
569 961 45 16 clan-

136 989 78 16 destine
239 988 84 20 puisque
341 986 35 17 des
394 984 89 18 affiches
501 982 124 17 demandant

137 1010 12 16 k
167 1009 20 17 la
205 1008 117 21 population
341 1007 24 17 de
382 1010 25 13 ne
425 1009 37 16 pas
479 1004 77 17 donner
573 1002 52 17 suite

137 1030 11 16 à
172 1029 74 20 l'appel
269 1027 101 18 allemand
395 1027 35 16 ont
453 1025 32 17 été
509 1023 117 21 placardées

136 1051 89 18 partout.
241 1057 23 5 —
279 1049 24 18 B.

137 1086 44 20 Les
198 1085 26 22 F.
240 1085 20 20 L.
277 1089 31 15 en
326 1081 100 25 congrès

159 1128 54 18 Cest
229 1127 12 17 à
257 1125 102 18 Bruxelles
375 1128 37 16 que
428 1128 20 13 se
464 1122 80 18 tiendra
559 1121 30 17 les
605 1120 21 17 17

135 1150 21 16 et
173 1148 21 17 18
211 1148 73 17 février
299 1147 18 17 le
332 1145 86 20 premier
434 1143 83 18 congrès
533 1141 92 18 national

135 1170 27 16 du
174 1169 63 17 Front
248 1168 24 17 de
284 1166 174 20 l'Indépendance.
470 1164 26 16 Le
508 1164 21 16 P.
542 1163 15 16 I.
570 1162 55 16 vient

136 1191 24 16 de
177 1190 69 16 lancer
262 1192 27 13 un
306 1187 59 20 appel
382 1190 13 13 a
412 1187 46 15 tous
475 1187 49 14 ceux
541 1183 40 19 qui.
599 1185 26 13 au

136 1214 58 13 cours
208 1210 25 17 de
247 1208 140 19 l'occupation,
402 1208 36 15 ont
453 1204 98 21 particiDé
566 1203 12 16 d
587 1206 38 12 une

136 1230 89 18 manière
241 1229 66 17 active
323 1231 40 14 aux
380 1229 86 15 travaux
482 1225 24 17 de
522 1225 20 16 la
557 1224 58 16 Résis-

136 1254 59 14 tance
222 1254 51 16 pour
293 1249 59 20 qu'ils
372 1247 113 20 rejoignent
506 1249 31 13 ses
557 1247 68 16 rangs.

136 1280 23 5 —
173 1271 25 18 O.

136 1306 79 21 Achat
232 1310 31 16 aa
282 1309 54 19 gros
353 1302 54 26 prix

157 1348 89 17 Montres
255 1355 9 5 -
272 1346 72 19 Bijoux
353 1352 9 5 -
370 1345 28 16 Or
407 1352 9 4 -
423 1343 62 17 Vieux
507 1341 95 17 dentiers.

135 1368 78 18 Ricard.
231 1368 29 18 87.
279 1370 35 13 rue
331 1365 113 19 Botanique
464 1363 79 19 (Nord..
564 1361 61 18 (H252

135 1401 63 20 Ponr
216 1399 36 20 les
271 1398 125 20 Ardennes
415 1395 41 25 qni
475 1392 149 22 souffrent...

158 1443 28 17 La
199 1442 98 17 situation
311 1439 119 17 demeurant
444 1437 42 17 très
498 1440 61 15 grave
571 1436 53 16 dans

135 1465 29 16 les
182 1464 107 17 Ardennes,
307 1462 18 16 le
342 1462 74 16 Centre
432 1460 36 16 des
484 1456 96 21 Réfugiés
597 1457 25 16 du

136 1485 135 18 Luxembourg
289 1482 93 19 organise
401 1484 50 17 pour
468 1484 22 12 ee
508 1478 84 19 samedi,
611 1480 12 13 a

137 1508 20 16 18
170 1506 77 19 heures,
263 1505 12 17 h
289 1504 80 17 l'Union
383 1502 108 18 Coloniale.
506 1501 28 18 34.
548 1503 37 14 me
598 1498 25 18 de

135 1528 91 17 Rtassart
258 1530 40 13 une
321 1525 76 19 grande
422 1523 83 17 réunion
530 1520 93 21 publique

135 1548 152 18 d'Information
309 1548 20 16 et
349 1545 86 21 d'appel.
455 1544 101 17 Plusieurs
576 1545 36 13 ora-

136 1572 60 16 teurs,
210 1570 68 17 retour
289 1569 36 16 -àes
336 1567 79 20 régions
428 1564 109 18 sinistrées,
550 1566 62 15 racon-

136 1592 67 17 teront
219 1595 22 13 ce
255 1590 59 20 qu'ils
328 1591 36 15 ont
380 1592 25 12 vu
420 1588 20 16 et
455 1587 68 17 diront
537 1586 29 16 les
581 1588 30 13 me-

135 1617 56 13 sures
206 1612 48 20 qu'il
270 1612 45 16 faut
330 1610 94 20 prendre.

157 1634 53 16 Tous
226 1636 48 14 ceux
288 1632 33 20 qui
337 1630 139 18 s'Intéressent
491 1632 40 14 aux
546 1627 66 17 Arden-

135 1659 36 13 nes
187 1655 20 17 et
224 1655 45 16 tous
284 1654 29 16 les
331 1652 111 17 Ardennals
457 1651 26 16 de
498 1650 20 17 la
535 1648 87 21 capitale

135 1677 46 16 sont
201 1675 54 21 priés
276 1674 104 18 d'assister
400 1673 12 18 à
433 1673 52 16 cette
507 1669 114 19 assemblée,

135 1698 49 16 dont
201 1696 84 18 l'entrée
301 1696 31 17 est
348 1695 55 17 libre.
420 1702 23 5 —
459 1693 24 17 G.

135 1730 53 20 Une
204 1728 61 21 belle
281 1726 134 23 émulation

156 1772 29 16 Au
198 1771 62 19 Lycée
274 1770 24 17 dc
312 1770 19 16 la
346 1769 45 17 ville
405 1769 24 16 de
443 1767 103 17 Bruxelles
559 1774 23 4 —
596 1768 26 14 au

132 1796 49 16 parc
195 1791 86 20 Léopold
298 1799 21 4 —
335 1790 28 16 les
379 1790 70 19 Jeunes
465 1788 58 16 filles,
540 1787 12 17 k
568 1786 43 17 l'ini-

132 1813 71 17 tiative
215 1813 24 16 dc
252 1812 20 16 la
285 1811 76 20 préfète
374 1810 35 16 des
422 1809 76 17 études.
512 1809 20 15 M
536 1808 10 11 11
549 1810 9 9 *
572 1808 49 16 Kes-

133 1834 55 17 scler.
207 1834 36 16 ont
260 1832 57 17 réuni
335 1832 57 15 entre
410 1830 53 18 elles,
482 1832 50 17 pour
548 1828 29 16 les
594 1828 17 15 si-

131 1854 75 17 nistrés
234 1853 35 17 des
293 1852 107 17 Ardennes,
431 1854 40 13 une
493 1853 75 13 somme
597 1848 25 16 de

131 1876 22 16 32
160 1876 34 16 000
216 1874 74 17 francs.
313 1872 136 20 Auparavant,
472 1871 47 17 elles
540 1870 82 16 avaient

132 1896 46 19 déjà
194 1895 40 17 falt
248 1894 95 17 remettre
359 1893 12 17 k
386 1893 20 16 la
421 1892 45 16 ville
481 1892 25 16 de
520 1891 102 18 Bastogne

130 1920 28 13 un
174 1916 29 16 lot
219 1915 112 19 Important
347 1914 24 15 de
387 1913 87 18 bougies.

153 1936 35 18 Bel
202 1935 88 20 exemple
304 1935 24 16 de
344 1933 111 21 générosité
470 1934 20 16 et
504 1932 25 17 de
544 1932 66 20 patrio-

132 1958 58 17 tisme
206 1956 69 17 actifs.
291 1964 23 4 —
330 1956 25 16 O.

131 1990 20 20 A
167 1989 25 20 la
207 1987 101 22 lumière
325 1987 32 20 du
374 1986 76 25 jour...

130 2030 42 18 Thé
179 2030 89 17 dansant
285 2030 19 16 ts
312 2029 28 16 les
349 2028 55 19 jours
421 2031 26 13 au
463 2027 86 19 Victory,
567 2025 28 18 23.
604 2028 15 14 r.

129 2052 98 17 Stassart.
244 2051 60 17 Orch.
313 2050 24 17 G.
346 2048 76 18 Deloof.
431 2047 100 18 Perm.dès
541 2047 50 17 16.30
602 2047 18 17 (1

131 2083 33 20 Le
181 2091 11 10 **
200 2081 138 25 bibbergeld
348 2086 11 16 ■

152 2125 31 16 On
200 2124 41 17 sait
258 2123 46 20 qu'à
323 2123 80 17 Anvers,
422 2121 29 17 les
468 2121 91 16 ouvriers
576 2121 33 16 tra

130 2145 85 17 vaillant
230 2148 26 13 au
271 2144 46 20 port
331 2143 97 17 touchent
442 2146 39 13 une
497 2142 63 19 prime
575 2143 35 17 spé-

128 2166 56 18 ciale,
207 2165 44 17 afin
273 2164 59 20 qu'ils
352 2164 77 16 restent
449 2166 27 13 au
498 2162 74 17 travail
594 2165 24 13 en

129 2190 35 13 cas
181 2186 90 17 d'alerte.
290 2186 54 16 C'est
363 2188 25 13 en
406 2187 75 14 somme
499 2187 40 13 une
557 2184 62 18 prime

127 2212 26 12 en
167 2207 91 17 fonction
269 2207 27 16 du
308 2207 82 18 danger,
403 2208 75 13 comme
491 2204 43 17 cela
547 2207 21 12 se
581 2203 38 16 fait

129 2228 70 19 depuis
212 2228 112 19 longtemps
337 2227 12 16 à
362 2226 95 17 Londres.
470 2226 23 15 Et
508 2225 17 16 le
540 2231 8 7 «
557 2227 52 16 popu-

129 2249 50 16 laire
186 2254 9 9 >
217 2248 108 18 Anversois.
348 2247 49 17 dont
418 2246 100 16 l'humour
537 2245 71 18 s'appa-

129 2271 57 15 rente
203 2273 54 12 assez
274 2269 45 16 bien
335 2268 12 17 k
364 2268 51 16 celui
431 2267 25 16 de
473 2270 37 14 nos
526 2272 9 8 «
544 2265 75 17 Marol-

128 2290 28 17 ïes
164 2295 17 13 ».
202 2290 25 16 de
249 2290 89 18 baptiser
361 2290 53 15 cette
437 2287 64 19 prime
521 2287 28 16 du
568 2289 50 13 nom

128 2311 122 19 pittoresque
268 2310 25 17 de
311 2316 8 8 ■
329 2309 112 19 bibbergeld
450 2314 16 10 ».
483 2308 94 18 L'argent
594 2306 26 16 de

127 2331 20 17 la
170 2337 9 8 -
188 2331 79 17 trouille
275 2336 9 9 »
307 2334 25 13 en
355 2330 83 16 somme!
462 2332 35 13 car
520 2328 18 16 le
560 2327 59 17 verbe

127 2358 9 8 -
145 2352 94 16 blbberen
247 2357 9 9 »
270 2355 22 13 sc
307 2351 77 16 traduit
400 2354 37 16 par
451 2348 100 18 trembler,
567 2348 51 16 dans

127 2373 18 16 le
161 2376 46 12 sens
222 2372 25 17 de
264 2372 95 17 trembler
373 2371 24 17 de
413 2371 53 16 froid
482 2373 25 13 ou
523 2370 23 16 de
562 2372 56 17 peur.

651 266 113 23 DIVERS

671 310 86 17 Séminaire
774 311 24 16 it,
815 311 41 16 Arts.
874 311 20 16 I.t
908 309 11 17 8
936 308 61 17 février,
1012 305 11 17 à
1039 305 21 16 18
1077 305 10 15 h
1112 302 27 18 15,

648 335 20 13 au
689 332 53 16 Palais
762 332 27 16 îles
810 331 102 18 Heaui-Arti»,
933 332 38 16 [wur
990 328 23 17 les
1033 325 69 17 abonni*
1122 325 18 14 de

648 353 21 15 2*
689 351 45 21 tèiitt,
756 352 74 21 premier!
850 352 51 19 partie
920 352 21 15 du
961 349 36 17 film
1019 352 10 11 <
1039 347 34 18 -Vay
1093 346 47 16 Down

649 374 21 15 U
680 376 6 13 L
695 376 16 15 ».
1123 387 5 8 ,

674 394 91 16 Fédération
789 394 26 16 ries
838 393 59 18 Cercles
922 389 115 20 Peitenlilrei.
1061 389 20 16 I.e
1103 388 37 17 i»i*

648 416 65 17 Stcrros,
730 416 14 16 le
761 415 11 16 9
788 414 61 20 février,
866 419 20 12 au
902 412 67 19 Théâtre
985 409 97 18 Communal,
1098 411 41 13 nim-

649 440 70 12 mcnreri
733 435 10 17 à
759 436 21 16 18
795 437 17 15 h.
833 437 17 15 et
865 440 16 12 se
895 435 84 16 terminer»
993 436 32 12 vers
1040 431 22 15 20
1078 430 17 17 b.
1111 430 28 16 ».

672 456 59 16 Briti.h
753 456 31 17 and
808 455 80 18 AMtrican
910 453 92 19 ftUaiikl»
1025 452 16 16 ln
1064 450 76 16 BelilM.

649 479 20 15 Le
687 478 21 16 10
724 476 62 21 féerier.
803 477 10 17 à
829 477 21 17 19
866 478 24 17 h.»
908 477 15 17 1.
939 479 27 14 me
980 475 19 15 de
1014 472 55 18 Turin,
1085 471 55 17 eonle-

648 503 45 11 rence
704 503 28 14 par
744 499 43 16 «•»•
800 499 41 16 Hille
853 499 19 15 de
884 498 39 18 Mot,
936 495 107 20 ro-piologue:
1056 498 10 11 «
1074 494 12 15 A
1099 493 41 16 klnc

648 520 37 16 roel
702 520 17 15 of
736 520 66 16 Anrient
819 519 48 19 Esypl
876 522 17 14 »•
1074 534 12 5 _
1096 534 4 5 .
1126 533 6 5 .

672 540 20 16 Le
712 540 17 16 R.
751 540 16 17 P.
788 540 94 17 Helltnani.
902 537 80 18 aumônier
1001 537 19 16 de
1038 535 18 17 H
1074 534 67 18 Briga/le

647 561 52 18 Bclce.
717 562 34 15 fera
769 565 30 12 une
815 561 69 16 causerie
900 563 27 13 sur
945 564 9 9 «
963 558 33 16 Mes
1013 554 77 19 Tommles
1106 554 25 16 bel-

646 585 27 14 les
687 582 39 15 dam
742 582 16 16 la
773 581 68 16 bataille
848 585 17 14 >,
880 584 21 13 au
916 578 70 17 bénéfice
1000 578 21 15 du
1034 579 61 14 iwrours
1110 578 31 13 aui

647 602 70 16 faailles
739 602 65 16 mvi>-ir
806 606 43 12 ruses
871 602 19 15 de
911 601 17 16 la
950 598 72 19 Brigade,
1045 598 15 15 le
1080 596 61 16 samedi

649 622 21 16 10
688 622 61 18 féirirr.
770 622 10 16 à
800 622 20 16 13
838 622 24 18 h.,
882 625 20 12 au
921 620 53 16 Palais
991 620 27 15 des
1036 616 103 18 Beaux-Arts.

673 642 47 17 Front
733 644 17 14 de
765 643 11 15 l'
780 642 122 18 Indépendance.
916 642 20 15 Le
950 640 20 16 12
983 638 63 20 février,
1058 642 20 12 au
1090 636 49 17 th.à-

649 665 23 14 tre
690 663 19 16 de
726 663 17 16 la
761 663 74 16 Monnaie
845 667 5 12 :
869 668 10 10 «
887 661 75 19 L'Aiglon
971 665 17 12 >.
1006 659 75 17 Location
1091 661 5 13 :
1114 661 26 13 rue

648 684 20 16 du
683 684 92 18 Commerce.
790 684 22 16 23
830 683 44 18 (Tél.
889 682 81 18 11.37.90
985 683 16 15 tt
1016 678 99 18 11.37.9-»).

673 704 38 15 Poar
732 704 22 16 les
774 704 95 19 prisonniers
889 702 99 18 ioiiétt«tes.
1008 701 29 16 Les
1058 702 83 17 personnes

648 726 27 15 oui
690 724 71 17 désirent
780 726 44 16 aider
839 725 24 17 les
880 723 95 20 prlsonntm
992 726 25 13 ptn
1020 720 65 19 létiqu™
1103 723 37 15 I*""

648 748 35 13 »cf.t
701 751 8 8 i
717 746 69 17 artrrwr
802 745 11 17 k
830 746 37 16 C.A.
870 746 35 16 P.S.
907 757 5 6 .
929 744 18 18 8.
966 748 27 12 rue
1010 743 101 16 Traver-hre.
1130 742 10 13 a

648 767 85 17 Bn-..«-II,M.
748 768 27 17 qui
789 767 85 16 eentrali-e
887 766 49 16 l'aide
942 768 38 14 -aux
993 764 60 16 soldats
1066 765 16 14 cl
1095 760 46 18 civils

649 787 91 19 tot-.eiiq.M-s
756 788 40 15 dan,
812 790 34 14 tout
862 787 15 17 le
892 790 45 15 pays.

695 852 79 43 LES
795 850 303 46 SPECTACLES

670 945 190 25 THEATRES
878 945 46 24 ET
941 941 190 28 CONCERTS

651 983 158 23 Aujourd'hui
824 983 67 24 jeudi

650 1014 72 16 Monnaie
732 1018 4 12 :
755 1015 32 16 (18
802 1016 16 15 b.
823 1016 6 17 t
848 1015 22 16 La
885 1015 55 16 Tosea.

649 1036 53 16 Pare:
718 1036 61 18 (18.15
795 1037 27 17 h.)
840 1036 30 17 l'n:
887 1048 4 3 .
908 1036 19 16 de
943 1039 35 12 mon
993 1037 46 13 «rur.

648 1056 83 16 Galeries:
750 1057 32 18 (18
799 1057 27 18 fa.)
846 1057 79 16 L'Enfant
942 1057 10 14 d
960 1055 58 16 autrui.

648 1077 90 17 Vaitfnille
747 1081 6 12 :
771 1078 32 16 (18
818 1078 27 18 b.)
865 1077 79 17 Monsieur
960 1075 79 19 l'rpertol.

649 1098 83 16 Alha«k-a
742 1101 5 13 :
764 1099 31 16 «18
809 1099 26 18 h.)
853 1099 36 16 Un*
902 1099 20 15 do
934 1101 31 13 roa
977 1096 32 17 do?

649 1119 63 16 Molière
722 1122 5 12 :
745 1119 31 18 (18
790 1120 27 18 b.)
835 1120 23 16 La
871 1120 48 16 Dame
934 1121 30 14 am
978 1117 85 17 Camélia*.

647 1139 29 17 Gai
678 1140 16 16 té
703 1143 6 12 :
732 1141 101 16 (Permanent
855 1141 19 16 de
896 1139 22 17 16
938 1139 11 17 k
968 1138 53 17 20.30
1042 1138 27 18 b.)
1093 1137 48 16 Viens

694 1162 43 14 Clinu
772 1165 29 15 )i
814 1162 21 15 du
849 1161 34 16 fre.

649 1181 65 16 Théâtre
729 1182 75 16 Flamand
814 1185 6 12 :
835 1182 32 17 (18
881 1181 26 18 h.)
922 1181 23 17 De
958 1180 40 16 Club
1011 1180 27 15 der
1050 1179 90 18 Gantiers.

648 1202 123 19 Folin-Berffere
781 1206 5 12 :
804 1202 62 18 (18.30
882 1203 27 17 h.)
928 1202 72 16 Vrertlen
1017 1202 49 16 daim
1082 1201 33 17 pot.

649 1223 77 16 Ancienne
741 1223 72 19 Bclfiqic
823 1226 6 13 :
844 1223 32 17 (18
890 1223 26 18 h.)
934 1223 23 16 La
969 1222 49 16 Berne
1032 1222 21 16 du
1067 1222 24 14 Tr.
1098 1219 41 19 pèze.

649 1245 35 14 Usa
703 1244 24 15 Vil
730 1244 33 18 laie
774 1248 4 12 :
798 1244 61 18 (18.30
878 1245 26 17 b.)
925 1244 37 16 Mon
978 1247 56 14 en»...
1054 1241 40 17 mais
1111 1241 29 16 ris.

648 1265 56 16 A.B.C.
714 1268 6 12 :
737 1265 73 17 Ketàche.

1048 1310 77 16 Vendredi

1043 1332 83 16 dimanche

127 2422 79 21 Juhilé
223 2427 46 19 peu
287 2421 74 20 banal

149 2465 27 17 Le
189 2465 80 17 notaire
281 2465 89 16 Herman
383 2464 43 16 Van
439 2463 97 16 HaKe*-en
551 2463 19 16 et
584 2466 32 13 ses

125 2486 62 16 clercs
209 2486 96 16 viennent
327 2485 25 16 de
376 2484 52 17 fêter
450 2484 19 17 le
492 2483 62 21 Jubilé
576 2487 38 16 peu

124 2506 61 17 banal
199 2507 26 16 de
237 2507 28 16 M.
279 2506 89 16 Armand
382 2505 110 19 Thirifays.
505 2505 35 19 qui
554 2506 60 16 entra

125 2528 12 18 à
151 2527 80 18 l'étude,
246 2527 13 17 11
273 2531 12 16 y
300 2531 12 12 a
325 2528 126 15 exactement
464 2526 93 17 soixante
570 2529 45 15 ans.

124 2549 21 17 et
162 2552 13 16 y
191 2548 26 17 fit
234 2549 57 16 toute
306 2552 23 13 sa
346 2547 94 18 carrière.

125 2579 110 24 Registre
255 2579 33 20 du
309 2579 140 20 Commerce

122 2623 29 15 f
163 2621 54 20 opér.
229 2621 89 17 Consult.
331 2621 119 19 Organisme
461 2621 27 16 du
500 2621 115 17 Commerce

125 2642 28 20 1»,
161 2645 17 15 r.
186 2642 20 17 d.
214 2641 233 18 V.-Marché-a-Grains.
456 2642 52 16 T.ll.
510 2642 52 16 34.62
573 2642 42 19 .66/

122 2670 21 20 A
161 2670 26 20 la
204 2669 69 21 Mine
292 2668 131 22 Souriante

145 2713 53 16 Pour
218 2712 88 17 clôturer
327 2713 116 19 dignement
463 2712 44 17 leur
527 2712 87 20 premier

122 2734 58 16 salon
196 2741 24 4 —
237 2733 70 20 depuis
324 2733 19 16 la
361 2733 108 17 libération
485 2741 24 4 —
525 2733 29 17 les
571 2733 32 17 Hu-

122 2754 93 17 moristes
234 2754 25 16 de
278 2754 20 16 la
316 2754 55 16 Mine
391 2754 107 16 Souriante
518 2755 36 15 ont
574 2754 39 16 fait

121 2774 93 17 honneur
233 2774 12 16 à
262 2778 28 13 un
309 2774 149 20 démocratique
477 2775 136 17 casse-croûte

121 2796 53 16 dans
189 2795 43 16 leur
247 2795 59 16 vieux
322 2795 51 16 local
389 2795 24 16 dc
429 2795 20 16 la
464 2799 36 13 rue
516 2795 87 17 d'Ander-

121 2815 60 20 lecht,
201 2815 74 17 éclairé
294 2819 38 16 par
351 2816 94 19 quelques
463 2816 82 20 bougies
564 2816 38 17 ané-

121 2836 83 20 miques.

144 2858 77 15 Autour
241 2857 27 16 du
290 2856 109 21 président,
422 2857 75 17 Marcel
519 2857 92 18 Antoine,

121 2882 21 12 se
163 2878 113 19 pressaient
297 2878 45 16 tous
363 2877 28 17 les
411 2878 51 17 bons
482 2878 131 20 pratiquants

120 2899 25 16 de
163 2898 106 17 l'humour.
287 2906 24 4 —
328 2898 25 17 G.

119 2929 128 24 Evoquons
262 2933 35 16 un
314 2929 113 20 souvenir

141 2970 32 17 Un
190 2970 76 17 lecteur
283 2974 51 13 nous
351 2971 50 16 écrit
411 2974 6 13 :

142 2996 9 10 €
160 2991 16 16 A
190 2995 73 16 propos
275 2991 25 17 de
312 2991 21 17 la
346 2991 130 20 publication,
490 2992 52 17 dans
554 2994 57 16 votre

118 3011 87 20 Journal,
222 3012 24 17 de
261 3012 21 16 la
297 3012 61 20 photo
374 3016 51 13 nous
440 3014 105 16 montrant
560 3014 51 16 Bor-

118 3033 62 19 ginon
199 3033 75 16 devant
293 3033 19 17 le
329 3037 59 16 corps
406 3033 25 17 de
449 3037 37 13 son
505 3035 41 16 ami
563 3035 48 16 Staf

117 3054 101 19 Declercq.
236 3054 14 16 il
266 3054 63 16 serait
346 3055 102 18 peut-être
464 3055 40 16 bon
521 3056 24 15 de
563 3059 37 16 rap-

118 3074 54 20 peler
189 3074 12 17 à
219 3078 35 13 vos
271 3074 87 17 lecteurs
374 3075 67 17 divers
457 3075 102 18 incidents
576 3077 34 19 qui

117 3096 72 16 eurent
207 3095 39 17 lieu
265 3099 23 14 ce
306 3096 84 19 Jour-la.

140 3116 44 17 Une
205 3116 76 19 bombe,
310 3116 69 20 placée
400 3120 37 14 rue
465 3117 26 17 du
513 3118 97 17 Cardinal

116 3136 91 19 Mercier,
224 3137 66 17 éclata
306 3138 46 19 trop
368 3138 36 16 tôt.
420 3138 37 16 Les
473 3139 69 16 V.N.V.
559 3140 38 15 obli-

116 3157 72 20 gèrent
204 3158 29 16 les
249 3159 96 19 passants
361 3158 12 17 â
390 3159 68 16 saluer
474 3159 20 17 la
510 3160 100 19 dépouille

116 3179 25 16 de
155 3179 43 16 leur
212 3179 76 19 Leider,
303 3179 99 20 plusieurs
416 3180 25 17 de
455 3184 42 12 mes
510 3181 100 19 collègues

117 3199 69 17 furent
205 3200 82 19 frappés
305 3204 37 16 par
360 3200 29 17 les
406 3201 94 16 sinistres
518 3202 91 17 farceurs

116 3220 112 17 hitlériens.
244 3221 16 16 A
276 3221 19 16 la
313 3227 9 9 ■
331 3221 81 17 Gazelle
421 3227 9 10 d
450 3224 44 14 (rue
510 3223 27 16 du
553 3223 45 16 Mar-

115 3241 54 18 ché),
185 3241 29 17 les
227 3242 126 16 Kamarades
367 3243 134 17 s'amusèrent
514 3244 13 16 à
541 3247 68 14 casser

116 3262 45 16 tout
173 3265 23 13 ce
209 3262 34 20 qui
257 3262 43 17 leur
313 3263 68 16 tomba
394 3267 48 13 sous
453 3264 21 16 la
487 3265 63 16 main.

137 3283 25 16 Je
178 3286 31 14 me
226 3283 94 16 souviens
337 3284 55 16 aussi
409 3288 38 15 que
464 3285 103 20 beaucoup
584 3286 25 16 de

114 3303 127 20 catholiques
263 3304 69 17 furent
354 3305 73 16 navrés
449 3305 25 17 de
496 3306 43 16 voir
561 3308 47 15 tant

114 3324 26 17 de
159 3324 78 20 prêtres
256 3325 67 17 suivre
342 3325 18 17 le
379 3326 80 19 cortège
478 3326 85 18 funèbre
583 3328 25 17 de

114 3348 23 13 ce
152 3345 73 17 traître
240 3345 65 17 favori
320 3346 24 17 de
359 3346 102 18 l'ennemi.
468 3352 11 12 »

114 3376 120 21 Litvinoff
251 3376 69 25 égale
338 3377 112 21 Wallach

135 3418 112 17 L'écrivain
260 3420 133 16 communiste
406 3420 111 17 américain
530 3422 78 16 Arthur

112 3439 81 20 Upham
207 3440 52 19 Pope
274 3440 65 17 décrit
352 3441 53 16 dans
419 3445 28 13 un
461 3446 88 15 ouvrage
564 3444 32 15 bio-

112 3460 112 20 graphique
240 3461 126 17 l'étonnante
384 3462 88 17 carrière
489 3463 24 16 de
530 3464 76 16 Maxim

112 3481 105 18 Litvinoff.
239 3482 73 17 ancien
333 3482 143 19 représentant
497 3484 24 17 de
543 3484 62 17 l'U.It.

111 3502 42 16 S.S.
172 3502 12 16 .i
202 3503 88 17 Genève.

134 3523 96 16 L'auteur
248 3527 24 13 ne
290 3524 48 20 peut
355 3524 53 19 Jeter
426 3528 78 14 aucune
521 3525 84 18 lumière

111 3546 36 14 sur
164 3544 18 16 le
200 3544 69 20 rappel
287 3545 25 16 de
329 3545 159 17 l'ambassadeur
505 3547 25 17 de
548 3547 47 16 Was-

111 3564 91 20 hington,
226 3568 25 14 en
274 3566 50 16 1939.
346 3566 53 17 Mais
419 3567 15 16 il
454 3571 53 12 nous
528 3570 76 17 permet

110 3585 134 19 d'apprendre
267 3590 22 12 ce
311 3587 83 16 curieux
416 3587 63 17 détail
489 3592 6 12 :
517 3588 19 17 le
557 3590 48 18 père

111 3606 24 16 de
149 3606 100 17 Litvinoff
263 3607 107 20 s**opelait
386 3608 66 17 Moses
466 3609 97 17 Wallach.
579 3610 26 17 Le

112 3630 46 13 nom
179 3627 40 17 réel
239 3628 25 16 de
284 3628 76 17 Mnxim
380 3629 100 17 Litvinoff
500 3631 30 16 est
550 3631 56 16 Meer

87 3644 10 10 •
109 3648 86 16 Genokh
222 3648 131 18 Moiseevitch
379 3650 98 17 Wallach.
504 3651 69 18 Quant
592 3654 12 13 a

109 3672 38 13 son
166 3669 141 20 pseudonyme,
326 3670 15 16 il
360 3670 19 17 le
397 3671 75 17 choisit
490 3672 46 17 tout
554 3673 39 16 sim-

111 3689 90 19 plement
217 3690 53 16 dans
287 3694 28 13 un
334 3695 71 13 roman
423 3692 25 18 de
465 3696 38 13 son
521 3693 66 17 favori
597 3697 6 13 :

107 3710 138 20 Tourgucnev.
259 3720 24 3 —
297 3711 23 17 N.

109 3742 32 19 Le
159 3741 59 25 pain
236 3742 72 20 blanc

131 3783 50 16 Miss
194 3783 60 17 Doris
267 3784 68 17 Grant
350 3785 72 19 publie,
438 3785 12 17 à
464 3786 94 20 Londres,
574 3791 27 13 un

107 3803 50 17 livre
178 3804 83 17 intitulé
271 3808 5 13 :
300 3812 7 8 .
318 3806 60 17 Votre
401 3807 49 19 pain
472 3808 103 19 quotidien
586 3814 16 11 n.

107 3824 41 17 Elle
163 3828 13 16 y
191 3825 68 17 étudie
274 3826 25 17 de
314 3826 42 17 très
372 3827 45 20 près
431 3827 20 17 la
468 3829 93 19 question
576 3830 25 16 de

106 3845 21 17 la
144 3847 133 18 composition
294 3847 25 17 de
336 3847 21 17 la
374 3848 67 17 farine
459 3851 20 14 et
496 3853 13 16 y
526 3850 74 17 défend

106 3866 88 19 l'emploi
216 3867 24 17 de
262 3868 20 16 la
304 3868 67 17 farine
392 3873 41 13 non
455 3870 84 18 tamisée
560 3872 41 16 Elle

105 3887 94 20 enseigne
221 3889 56 16 aussi
298 3888 13 17 à
333 3889 21 17 la
376 3890 106 17 ménagers
505 3892 48 16 l'art
575 3893 25 16 dc

104 3907 65 21 pétrir
183 3912 24 13 sa
221 3909 48 19 pâte
281 3911 22 15 et
317 3910 25 16 de
356 3911 54 17 cuire
426 3912 26 16 du
466 3912 40 17 bon
520 3914 56 18 pain.

128 3929 27 16 Ce
169 3930 34 19 qui
217 3931 31 15 est
261 3930 114 19 inattendu,
391 3932 49 17 c'est
454 3933 71 19 qu'elle
539 3935 51 16 affir-

104 3953 31 13 me
149 3953 37 16 que
200 3956 9 10 «
219 3950 93 20 l'énergie
326 3952 113 18 nécessaire
452 3954 12 16 à
478 3957 28 13 un
519 3955 80 17 homme

104 3973 72 17 moyen
196 3972 49 19 peut
263 3972 43 17 être
326 3973 80 17 fournie
425 3977 37 16 par
482 3976 71 18 quatre
573 3980 25 13 ou

103 3991 46 19 cinq
168 3995 79 16 grosses
266 3993 96 17 tranches
380 3994 25 17 de
423 3995 48 19 pain
490 3999 38 16 par
546 3997 51 19 Jour.

103 4012 144 19 Evidemment,
265 4014 144 20 ajoutc-t-clle,
428 4016 14 16 il
457 4020 26 13 ne
499 4017 46 16 faut
563 4021 36 17 pas

104 4034 66 15 tenter
191 4033 133 19 l'exnérlence
345 4039 47 13 avec
414 4036 28 17 du
460 4037 51 20 pain
532 4038 64 20 blanc,

103 4057 36 12 car
158 4054 19 17 le
205 4055 49 19 pain
275 4055 60 18 blanc
361 4057 33 17 est
413 4060 42 15 une
480 4059 118 18 nourriture

102 4075 109 18 assutfne.
220 4080 10 12 >
244 4084 24 5 —
282 4077 26 18 N.

672 1313 80 16 Monnaie.
771 1321 24 4 —
814 1313 46 16 Jeudi
870 1317 5 12 :
896 1317 9 10 «
914 1313 22 16 La
954 1312 50 16 Tosca
1012 1315 9 11 »

648 1339 9 10 <
666 1335 72 15 Madame
768 1334 79 17 Butterfly
855 1339 16 11 >.
902 1333 63 17 Samedi
995 1334 18 15 et

649 1361 8 9 *
666 1356 69 15 Sadkr's
752 1354 47 18 Mb
816 1355 52 16 Ballet
876 1359 17 12 >.

672 1376 43 15 Parc.
732 1384 25 3 —
773 1376 41 16 Tous
830 1376 23 16 les
869 1376 46 17 soir*,
932 1374 11 17 k
959 1374 22 17 18
997 1374 18 16 b.
1033 1373 27 18 15,
1077 1373 63 19 Jusqu'à,

647 1397 42 17 jeudi
704 1397 67 16 inclus:
786 1400 11 13 «
803 1396 52 20 Pcg...
871 1397 20 16 de
906 1399 35 13 mon
955 1398 41 14 ctrur
1003 1399 17 12 ».
1035 1394 69 18 Samedi,
1120 1397 20 12 en

647 1417 74 18 matinée,
736 1417 10 16 â
762 1418 20 16 14
796 1418 17 16 h.
828 1417 30 20 30.
871 1419 16 14 et
901 1419 34 14 twus
950 1417 23 16 les
985 1416 47 18 soin,
1046 1415 11 16 à
1072 1415 21 16 18
1107 1415 17 16 b.
1135 1418 5 12 :

647 1443 10 11 <
665 1439 65 15 L'Ecole
746 1439 27 16 des
789 1440 71 15 Coolies
868 1442 18 12 ».

670 1459 74 16 Galeries.
761 1467 25 4 —
801 1460 40 15 Tous
857 1459 23 16 les
896 1459 43 18 Jours
954 1457 71 19 Impain,
1041 1455 11 18 k
1069 1456 21 16 18
1107 1456 16 16 h.
1135 1459 5 13 :

647 1485 10 10 «
665 1480 21 16 Le
701 1480 60 18 Voyage
777 1480 19 16 dc
811 1479 58 17 Tbcsée
877 1483 17 13 ».
910 1480 41 15 Tous
967 1479 23 16 les
1005 1478 43 18 jours
1064 1477 49 19 pain,
1129 1475 11 17 i

648 1501 20 16 18
686 1501 17 16 h.
714 1504 6 12 :
738 1506 10 9 «
757 1501 80 16 L'Enfant
855 1502 15 14 d'
873 1500 52 16 autrui
933 1504 17 15 »,
969 1499 88 17 vaudeville
1074 1497 57 18 soviéti-

646 1526 29 15 que
692 1522 19 16 de
727 1522 115 16 Sciikvarkine.

670 1542 96 16 Vaodeville.
779 1550 25 4 —
817 1543 40 15 Tous
870 1542 23 16 les
906 1542 49 18 jour*.
969 1540 10 17 ï
993 1540 21 17 18
1028 1541 18 16 b.
1056 1544 6 13 :
1075 1544 10 11 «
1093 1539 37 17 Mon-

646 1564 41 16 sieur
703 1563 73 18 l'eperbol
784 1567 10 12 »
811 1567 36 13 avec
862 1562 19 18 Q.
897 1563 65 16 Lltwau.

671 1585 17 14 Al
691 1584 8 15 h
702 1584 58 15 ambra.
779 1592 25 4 —
822 1584 22 16 U
861 1588 44 12 renie
924 1589 9 9 «
943 1583 35 16 llow
995 1582 20 17 do
1033 1586 30 15 fou
1081 1581 31 17 do?
1121 1585 17 14 ».

646 1609 36 13 avee
697 1607 51 14 toutes
764 1605 23 16 les
803 1606 74 17 vedettes,
893 1604 10 16 à
921 1604 21 16 18
958 1604 17 16 b.

670 1625 69 17 Molière.
760 1634 24 3 —
805 1626 62 16 Marthe
888 1625 61 18 hugard
969 1625 40 15 dans
1029 1628 10 11 «
1047 1624 23 16 I.a
1091 1624 48 16 Dame

646 1651 30 12 aux
689 1646 78 17 Camélias
776 1651 16 13 »,
807 1648 35 15 tous
856 1647 23 16 1rs
893 1647 39 15 soirs
946 1645 10 16 â
971 1645 21 16 18
1007 1645 23 18 h.,
1044 1646 17 15 et
1074 1649 18 12 ce
1105 1644 25 19 Jus-

645 1668 48 18 qu'au
709 1667 11 17 9
736 1667 56 17 février
809 1668 56 15 inclus.

671 1688 50 16 Caité.
738 1696 25 4 —
778 1689 41 15 Tous
834 1689 23 15 les
872 1688 48 18 jours,
937 1687 19 16 dc
973 1686 21 17 16
1009 1685 11 17 à
1035 1686 23 17 20
1075 1686 17 17 h.
1108 1685 29 19 30,

646 1710 16 16 la
681 1709 130 16 revue-faiiUlsie
831 1714 8 9 •
849 1709 46 15 Viens
915 1708 64 17 Chou...
999 1707 28 19 y'a
1045 1707 21 16 du
1086 1708 27 16 feu
1121 1711 17 12 ».

646 1729 72 17 Dernière
733 1729 54 17 séance
801 1729 48 24 ^18
864 1730 16 16 I).
895 1729 29 16 45.

670 1744 176 31 Foliet-BertéreiflÉf-
869 1752 12 14 A
905 1750 21 16 18
948 1749 17 17 h.
988 1749 23 16 30
1021 1753 4 12 :
1048 1754 9 9 «
1065 1749 73 16 Vrrrticn

644 1775 50 14 uag«n
709 1773 27 16 pot
744 1775 17 12 *■
777 1772 12 15 A
804 1765 50 25 ffRir
867 1772 20 15 de
900 1771 72 15 vendredi
987 1769 11 17 9
1009 1773 5 13 :
1029 1775 10 10 c
1047 1770 57 17 Uobtrt
1118 1773 20 13 en

644 1792 76 16 Bertrand
729 1797 16 11 >.

667 1813 79 15 Ancienne
760 1812 87 18 Belgique.'
853 1820 25 4 —
893 1813 40 16 «La
947 1812 49 16 Revue
1010 1812 20 15 du
1044 1812 68 18 Trat«c7e
1120 1816 17 15 »,

644 1837 36 12 avec
698 1833 70 16 Béatrice
786 1834 68 18 l'cirelly
869 1835 16 14 ct
901 1834 23 15 1rs
940 1833 53 16 Krvres
1010 1833 23 16 De
1048 1833 65 19 Jonche.

669 1854 36 16 Mon
720 1853 67 19 Village.
802 1861 25 6 —
840 1855 41 15 Tous
894 1854 23 16 les
930 1854 46 18 soin.,
990 1854 18 16 la
1022 1858 44 12 revue
1082 1859 10 10 «
1100 1855 37 15 Mon

643 1879 35 14 Gros
715 1876 40 15 mais
769 1875 22 16 ris
799 1879 16 12 ».

668 1895 66 16 Théâtre
760 1895 82 17 Flamand.
866 1904 25 3 —
914 1895 35 17 l'ne
973 1895 71 17 nouvelle
1069 1895 68 17 remédie

643 1916 100 18 américaine,
765 1921 9 10 <
784 1917 22 16 Ue
823 1917 40 15 Club
881 1917 27 16 der
926 1917 84 17 Gangsters
1018 1921 17 13 »,
1055 1916 43 17 pièce
1117 1920 20 12 en

643 1937 10 16 3
670 1939 42 14 actes
728 1938 19 15 de
762 1938 80 15 I.»wrenee
857 1938 45 15 Cross
917 1939 16 14 et
948 1938 65 15 Kd«ard
1027 1937 55 16 Chitds
1098 1938 39 15 Car-

643 1960 59 16 pcnW.
721 1958 23 16 les
762 1958 42 18 jeudi
822 1958 17 17 8.
856 1958 60 16 samedi
935 1958 21 16 10
972 1960 17 14 et
1006 1958 83 16 dimanche
1108 1958 28 17 11.

642 1978 10 17 à
669 1979 22 16 18
706 1979 17 16 b.
739 1979 77 18 Matinée,
833 1979 16 16 le
864 1979 84 16 dimanche
964 1979 27 18 12.
1008 1978 11 17 à
1035 1979 21 16 14
1073 1980 17 16 b.
1107 1979 28 16 30.

667 2033 115 17 Cenurvatoire
798 2034 18 16 i»
832 2034 74 17 mi.ique.
923 2035 28 15 Les
967 2034 22 16 10
1003 2035 16 16 et
1035 2034 20 17 11
1073 2033 62 20 février,

642 2055 11 17 à
666 2055 20 17 14
700 2055 17 17 h.
730 2055 23 17 30
763 2059 5 12 :
781 2060 9 10 <
799 2056 20 15 Le
832 2055 28 16 Ko!
874 2055 49 16 David
932 2060 16 13 ».
961 2055 76 16 d'Arthur
1050 2055 85 19 Honegger,

643 2080 34 12 sons
702 2077 17 16 la
745 2077 77 15 direction
847 2076 19 16 de
892 2076 22 16 M.
941 2076 39 16 l/on
1007 2077 66 17 Jonccn,
1100 2080 36 12 avee

643 2098 53 16 M™"
719 2097 30 16 Bla
769 2098 75 15 LensM-nv
866 2098 16 16 et
903 2097 85 17 Catherine
1009 2097 88 17 Verhacren
1119 2099 17 15 et

643 2119 39 16 MM.
696 2118 64 16 Wrôme
774 2120 16 14 et
805 2118 78 19 Anspach.
911 2127 11 5 -
934 2125 12 5 -

666 2139 60 16 Récital
740 2139 19 16 de
773 2139 53 18 piano.
842 2140 56 15 Robert
913 2140 91 16 Slrenhout.
1020 2139 73 18 organisé
1107 2144 30 15 par

642 2160 23 16 les
682 2160 80 16 étudiants
779 2160 89 16 socialistes
884 2160 60 16 unifié*
962 2161 19 15 de
998 2161 102 16 l'I'nivcrtité
1117 2162 19 15 de

642 2181 85 17 Bruxelles,
742 2181 43 18 jeudi
799 2181 12 16 8
825 2181 62 18 février,
902 2180 11 17 i
928 2181 21 16 18
963 2182 24 18 h.,
1003 2186 21 11 au
1037 2182 54 16 studio
1106 2181 29 19 88.

641 2202 28 17 35,
686 2201 74 16 chaussée
775 2202 82 15 d'Ivelli-s.

819 2249 139 21 CINÉMAS

641 2281 20 15 Le
678 2280 45 17 «igné
741 2282 18 16 A
778 2280 66 17 slcnifle
861 2281 60 15 version
939 2280 78 19 originale
1034 2284 20 13 en
1072 2280 63 19 anglais

643 2310 5 7 ,
653 2301 65 17 Enclish
733 2300 67 17 talkies)
818 2301 91 15 sous-titres
923 2301 77 19 français.
1015 2302 20 15 Le
1049 2302 45 17 ligne
1111 2303 20 19 ;fc

641 2321 65 18 signifie
722 2321 68 16 Enfants
805 2325 32 12 non
851 2321 57 16 admis.

640 2349 18 15 A.
667 2344 20 19 B.*
693 2348 17 16 C.
730 2347 115 19 Légionnaires,
863 2352 36 12 avee
917 2348 54 17 Lasrel
990 2350 15 15 el
1024 2349 58 19 Hardy.

640 2368 104 17 ACROPOLE.
763 2368 28 16 Toi
808 2372 25 12 na
850 2369 99 16 Charmante.
969 2371 18 17 _A

641 2389 134 16 AMBASSADOR.
793 2390 20 15 Le
831 2389 55 16 Drame
903 2390 19 15 de
939 2389 89 20 Shanghaï.
1050 2391 20 20 £

639 2410 110 17 AMERICAN.
775 2410 29 17 62.
830 2414 27 12 rue
883 2410 95 17 Pont-Neuf.
1006 2411 66 18 Carolyn
1098 2411 36 16 mt

663 2431 73 15 d.vorcer.
757 2430 18 16 B.
795 2430 110 19 Stanwyck-G.
926 2431 84 18 Raymond.
1030 2431 63 17 Actial.
1115 2435 17 15 A

639 2450 109 17 ARENnERG.
765 2451 27 16 Les
807 2450 46 16 H*z\,
869 2452 90 16 att.qient.

639 2471 130 16 BEAUX-ARTS.
787 2471 32 16 J'ai
836 2471 56 18 epoeti
909 2475 30 13 ene
955 2471 75 17 Sorcière.

639 2492 72 16 CAME0.
729 2492 60 17 Orgueil
807 2492 16 16 et
842 2492 76 17 Préjuge*.
937 2494 18 17 A
974 2494 63 15 Arlual.
1055 2493 31 16 1"
1104 2494 29 15 vis.

638 2512 102 16 CAPIT0LE.
755 2513 17 15 P.
786 2512 17 16 R.
818 2512 52 16 Willm
883 2514 18 14 ds
915 2512 21 16 La
950 2513 61 16 Maison
1023 2513 18 16 ds
1055 2513 16 16 la
1084 2514 49 16 Dîne.

638 2533 113 16 CHURCHILL
770 2533 76 16 (Plua).
864 2532 88 19 L'Emprise
968 2534 20 16 de
1006 2533 52 17 Passé.

638 2553 97 17 CENTURY.
752 2554 21 16 La
790 2553 52 16 Féerie
858 2554 18 16 de
892 2554 16 16 la
923 2554 53 16 Glace.
992 2554 15 16 J.
1023 2554 85 17 Crawford.

638 2574 124 17 CINEMONDE.
779 2575 27 15 Les
823 2574 74 16 Horiions
913 2575 61 17 perdis.
991 2575 18 16 R.
1025 2575 72 17 Colman.
1113 2578 19 17 A

638 2595 119 16 CINEPHONE.
773 2595 67 16 Manette
855 2599 10 12 a
881 2594 39 17 trois
935 2599 66 12 amoen.
1018 2598 18 16 A

638 2615 92 17 CIHEV0X.
745 2616 14 16 J.
773 2615 104 18 Crawfjrd-C-
891 2615 55 16 G.-.bU:
960 2615 91 20 «Loafoqie
1063 2617 17 17 et
1092 2618 39 16 C°».

637 2636 92 17 CLAUDIA.
748 2636 71 16 Madame
835 2637 16 16 et
867 2640 27 12 son
912 2637 82 17 Clochard.

637 2657 106 17 COLISEUM.
762 2657 21 16 M.
803 2657 75 18 Rooney:
895 2659 40 14 «La
952 2657 28 17 Vie
996 2658 75 16 confinée
1078 2663 18 12 ».

637 2678 89 16 CRISTAL.
744 2678 52 16 Stella
816 2678 59 16 Dalla-.
897 2678 86 16 ActB.ili.es
1002 2678 63 17 alliées.

636 2699 72 16 CR0SLY
727 2699 46 16 Nord.
791 2698 54 16 Vallée
861 2699 26 16 des
905 2699 63 16 Géants.
988 2698 22 18 Ea
1027 2699 42 17 coel.
1087 2702 19 18 a

636 2719 72 17 CR0SLY
724 2719 65 19 Léopold
806 2719 32 16 III.
855 2720 21 15 De
891 2720 87 18 Mayerling
991 2720 10 16 à
1015 2720 80 19 Sarajevo.

636 2740 72 16 CR0SLY
720 2740 98 19 Steenpoort.
831 2741 48 18 Appel
891 2741 19 16 de
923 2741 16 16 la
953 2741 50 16 Forêt.
1017 2741 16 16 CI
1046 2742 16 15 rk
1077 2742 53 16 Gable.

636 2760 70 17 ECRAN.
723 2761 49 16 Adiei
789 2761 79 16 Jeanesie.
886 2761 82 17 Claidette
986 2761 68 17 Colbert.
1069 2764 18 17 A

636 2781 51 17 EDEN
705 2781 60 18 Btterb.
783 2782 20 16 Le
819 2782 53 17 Comte
888 2782 19 16 de
925 2782 130 17 Monte-Chrlsto.

637 2802 77 16 EDISON.
732 2802 67 17 L'Alibi,
818 2807 36 11 avec
872 2802 34 17 Eric
924 2807 28 11 ton
969 2803 85 17 Stroheim.

636 2823 81 16 FILMAC.
736 2824 21 15 La
775 2823 60 16 Grande
853 2823 48 16 Vil'e.
921 2823 16 17 L.
958 2823 62 19 Rainer,
1038 2824 17 17 S.
1075 2824 54 19 Tracy.

636 2843 61 17 FLORA
710 2843 31 17 XL.
756 2844 20 16 La
790 2844 69 16 Victoire
872 2845 20 15 do
907 2844 52 16 Désert
980 2850 24 11 av.
1018 2845 111 19 Monlsomery.

636 2864 86 17 FLOREAL
741 2865 51 16 Iccle.
812 2864 84 18 Capitaine
916 2864 50 17 Fi'ie.
985 2865 18 17 V.
1022 2866 25 16 Me
1066 2866 64 19 Laglen.

636 2885 72 16 FORUM.
727 2885 92 17 Aimez-moi
837 2887 26 15 too
864 2886 48 18 jours.
930 2886 47 17 Grâce
996 2887 57 17 Moore.

635 2906 102 17 GALERIES.
757 2906 21 16 La
797 2905 57 17 Vieille
872 2906 46 17 Fllle.
938 2907 18 16 G.
976 2907 53 17 Brent.

635 2926 91 17 LUTETIA.
745 2926 92 19 Capitaines
853 2930 93 15 eoiraseox.
963 2928 16 16 S.
998 2928 55 19 Tracy.

636 2947 109 17 MARIVAUX.
768 2947 42 17 Errol
832 2948 76 18 Flynn-0.
929 2949 18 16 de
970 2949 76 16 Haviland
1057 2953 5 12 :
1082 2950 48 16 «Les

658 2968 106 18 ConqBérants
772 2973 17 12 ».
807 2969 23 16 En
848 2969 77 16 couleurs.

635 2989 96 16 MARIGNY.
750 2989 21 16 La
788 2989 89 18 Vengeance
894 2990 18 16 de
930 2989 93 17 l'Eclairegr
1041 2993 18 17 A
1082 2992 19 19 *

635 3009 121 17 METRDPOLE.
775 3010 21 16 La
813 3010 58 18 Charge
889 3011 18 16 de
924 3010 16 17 la
957 3010 67 18 Liberté.

634 3030 93 17 M1DIV0X.
747 3030 57 17 Michel
823 3031 76 18 Strogoff.
917 3031 28 17 Ch.
965 3032 54 16 Vanrl.

652 3051 64 16 IRA*I0.
735 3051 30 16 Ah!
782 3051 52 18 qeelle
851 3052 65 16 Femme.
935 3053 21 15 M.
975 3052 74 19 Douglas.
1070 3054 20 17 îfe

634 3072 98 16 M0GAD0R.
756 3072 50 16 André
829 3073 51 18 Hardy
904 3072 114 18 Millionnaire.
1046 3075 19 16 &

634 3092 123 17 NORMANDIE.
776 3093 16 16 E.
811 3093 65 18 Popcsco
885 3097 5 12 :
906 3094 40 16 «Le
963 3094 40 16 Venu
1021 3095 64 16 Gras».
1104 3096 20 19 *

633 3113 121 16 PALLADIUM.
776 3113 78 19 L'homme
873 3114 27 18 qii
921 3115 43 16 vécut
985 3115 11 17 2
1018 3116 37 16 fois.
1077 3116 50 19 Ralph

658 3134 68 17 Beliamy
744 3134 16 16 et
779 3133 61 17 Marian
860 3134 66 16 Marsch.
946 3137 18 17 A

632 3153 70 17 PATHE.
718 3153 70 17 Madame
801 3155 17 16 et
831 3158 28 13 son
873 3155 80 19 C.w-Boy.

632 3174 82 17 QUEENS.
732 3175 48 17 Toate
798 3175 16 17 la
831 3175 42 17 Ville
890 3176 54 17 dame.
962 3176 17 17 F.
997 3176 64 20 Gravey.

633 3198 52 16 RIGA.
702 3198 21 16 An
741 3198 53 16 Revoir
810 3198 24 16 Mr
850 3199 52 18 Chips,
921 3204 35 12 avev
974 3200 55 17 Robert
1046 3201 57 17 Donat.

632 3219 44 15 RITZ
697 3219 26 16 lit.
743 3219 86 16 Kcalipr).
848 3220 82 16 Chassears
949 3221 36 16 d'E.
987 3221 51 18 pions.

632 3239 128 17 ROYAL-NORD.
779 3240 88 16 Chrvalien
884 3241 20 16 da
922 3241 27 16 foi
965 3242 37 17 rira.
1019 3244 20 18 A

632 3259 55 17 ROXY.
706 3259 96 19 Pygmalion.
820 3261 50 16 Leslie
887 3261 70 18 Howard.

631 3280 42 16 BOY.
693 3281 84 16 Patrouille
794 3282 19 16 de
832 3283 60 15 l'Aube.

630 3301 80 17 SELECT.
728 3301 21 17 La
765 3302 74 18 Tragédie
854 3303 19 16 de
889 3303 16 16 la
920 3303 45 17 Forêt
981 3304 56 18 Roige.
1056 3306 21 16 *±

630 3322 67 16 SAVOY.
719 3323 62 15 Boucles
800 3323 37 17 d'Or
855 3323 63 19 Shirley
937 3324 68 19 Temple.

629 3342 49 16 STAR
689 3343 27 16 (T.
737 3344 99 17 11.68.46).
845 3344 37 17 Rose
900 3345 18 16 de
927 3345 88 19 Broadway.
1024 3346 18 16 A.
1052 3346 39 19 Faye
1103 3347 19 19 £

629 3362 83 18 STUART.
733 3364 27 16 Les
780 3364 46 17 Nazis
845 3365 90 18 attaqaent.

630 3383 66 17 TOKIO.
714 3384 36 17 Mon
766 3385 68 17 Homme,
850 3389 37 14 tatc
904 3386 65 17 Rieardo
985 3388 60 16 Cortez.
1063 3388 61 16 Aclial.

630 3404 97 17 VARIETES
741 3405 36 18 Btfc.
806 3406 60 17 Tarzan
881 3406 83 19 trl.mph;,
973 3413 24 12 av.
1006 3408 67 17 He:man
1081 3409 43 17 Brix.

630 3425 42 17 V0G.
691 3426 78 17 L'Amiral
785 3426 44 18 mène
846 3427 16 17 la
880 3428 56 16 Danse.
954 3431 18 17 A

1039 3451 24 16 N°
1080 3451 44 17 1008

695 3472 131 23 AUTRES*
836 3475 223 24 ATTRACTIONS

630 3503 97 17 ACROPOLE
750 3505 24 16 DU
798 3504 92 18 LEVRIER.
911 3507 39 18 Quai
971 3511 21 13 au
1015 3508 45 18 Foin.
1083 3508 40 17 derr.

653 3525 67 16 Théâtre
736 3525 83 17 Flamand.
834 3526 63 16 Ccarses
912 3528 34 15 toas
961 3527 22 16 les
999 3528 41 18 Jours
1055 3528 10 16 i
1081 3529 11 16 3
1107 3529 17 16 h.

629 3545 115 17 AUTOMATIC
762 3546 29 16 Nd.
811 3546 57 18 Mfati
887 3547 77 17 orchestre
982 3549 25 16 Al.
1025 3549 63 17 Parker.

629 3566 120 17 BAGATELLE.
767 3566 86 18 Orchestre.
872 3568 103 17 Attractions.

629 3586 70 17 eCBIHO
714 3587 46 16 danc.
773 3587 28 18 50,
816 3591 14 13 r.
844 3588 71 19 l'Elang.
929 3589 68 18 Samrdl.
1013 3590 45 18 dlm..
1072 3591 51 17 landl.

627 3607 123 16 CAR'CATuKfc
763 3608 23 15 (M
799 3609 65 15 nnaie).
874 3609 10 15 G
895 3613 28 13 rm.
942 3610 55 17 BrAa.
1015 3611 101 18 CColgr.cn

629 3628 87 17 DANCING
730 3628 105 18 «ELYSEE».
853 3629 26 19 15,
896 3630 43 17 claee
955 3631 87 17 Fontalnas
1059 3633 63 16 (Ctre».

629 3648 22 16 EL
671 3649 83 17 RANCH0.
772 3649 40 18 228.
832 3654 26 12 roe
877 3651 76 16 Brabant.
973 3652 52 17 Brasi.
1045 3653 77 19 Dancing.

628 3669 91 16 GRILLON.
740 3669 64 19 Jacques
825 3671 39 16 Loar
883 3673 16 15 el
920 3671 121 18 Chansonniers.
1064 3674 20 16 10
1106 3675 15 16 h.

629 3689 65 17 HEURE
709 3690 68 17 BLEUE.
793 3691 70 19 Dancing
877 3692 15 16 ts
906 3692 22 16 les
942 3693 42 18 joars
999 3694 19 16 de
1034 3694 21 16 16
1069 3694 17 17 h.
1100 3696 22 15 30

650 3714 10 12 a
675 3710 23 16 23
714 3711 15 16 h.
746 3711 32 16 The
795 3712 131 18 International'!
941 3714 52 16 Dance
1009 3714 88 17 Orchestra.

627 3731 23 16 LA
669 3731 103 17 CAPITALE,
791 3732 18 17 de
828 3733 102 18 Neamostier.
950 3734 19 16 A.
989 3735 75 18 Espagne.
1083 3736 39 16 Jean

651 3751 47 18 Lello,
726 3752 88 17 Madeleine
841 3753 56 18 Pierre,
926 3755 40 16 René
991 3755 61 17 Simon.
1079 3756 43 20 Eddy

648 3772 64 19 VsrrytJt
727 3774 16 15 et
757 3777 28 13 son
800 3774 84 17 orchestre.

625 3793 167 17 LANCASTER
898 3795 34 18 Lise
953 3796 66 20 Coligny

624 3814 28 17 28,
662 3817 12 12 r.
683 3814 16 16 d.
708 3814 11 16 I.
729 3813 68 18 Violette
861 3820 20 13 aa
896 3816 28 17 thé
938 3818 16 16 et
969 3821 20 13 en
1005 3818 49 17 soirée

625 3835 23 15 LA
671 3834 73 18 MAREE.
767 3835 32 17 The
818 3836 68 17 dansant
907 3838 10 15 »
936 3838 41 16 4.30
999 3839 16 16 h.
1035 3840 16 16 et
1071 3839 50 17 soirée

646 3855 12 16 2
674 3855 84 17 orchestres
773 3857 16 16 et
806 3857 95 17 attractions
918 3858 111 19 magnifiées.

624 3875 23 17 LE
670 3876 120 17 BRUXELLES.
812 3879 70 16 Orriust.
906 3879 55 19 Goldy,
986 3880 42 18 Hago
1050 3880 64 17 Sternet

647 3896 53 19 ténor;
712 3897 17 16 P.
744 3897 71 17 Lefebvre
828 3901 16 14 ct
858 3899 17 16 R.
890 3899 61 18 Jacobs.
964 3900 88 18 ehanonn.
1060 3902 60 19 duett.;

646 3917 67 17 Nieador
726 3918 16 17 et
755 3918 67 19 Andréa,
837 3920 79 19 illusion.,
931 3920 40 20 prés,
986 3926 29 14 par
1023 3922 30 16 Loa
1063 3923 56 17 bggin.

624 3938 69 17 PALAIS
710 3939 25 16 DU
752 3939 91 17 LEVRIER.
860 3940 63 18 Coorses
938 3941 10 17 à
964 3942 51 18 partir
1030 3944 19 15 de
1065 3944 20 15 15
1102 3944 16 16 h.

623 3959 70 16 PALAIS
714 3960 107 18 BAUDOUIN,
844 3961 26 18 11.
891 3962 25 16 ch.
938 3963 80 17 d'Anvers.
1042 3964 76 19 Dancing.

622 3979 103 17 PANTHEON
740 3980 45 17 danc.
801 3981 28 18 02,
845 3985 13 13 r.
875 3982 90 18 Montagne.
980 3984 39 16 Tons
1033 3984 23 17 lit
1070 3985 41 18 Jours

623 4000 106 17 PARISIANA
746 4009 7 5 ■
770 4001 67 18 Cabaret
852 4010 7 6 -
876 4002 77 20 Dancing.

621 4020 23 17 SA
666 4021 94 17 MAJESTE.
782 4022 45 17 Oreh.
848 4022 57 20 George
927 4024 72 20 Riedlng.
1019 4025 12 17 4
1051 4026 66 17 attract.

622 4041 90 17 TAVERNE
727 4042 25 17 DU
768 4043 80 19 PALACE,
864 4044 72 19 atircet..
952 4045 27 17 thé
994 4047 16 16 et
1024 4046 38 17 soir.
1078 4050 39 14 mas.

622 4062 91 22 VICTORY.
728 4067 15 14 r.
759 4064 77 21 Stassart,
850 4065 30 18 23.
896 4065 46 18 Orch.
958 4067 31 17 Gai
1005 4067 60 18 Deloof.

1059 4089 58 20 (D414

1227 253 88 25 (Voyez
1336 250 75 22 début
1431 253 32 17 en
1484 250 62 22 page
1568 243 21 23 1)

1183 298 17 18 D
1213 299 33 17 est
1260 298 12 18 k
1287 297 94 18 craindre
1396 299 37 17 que
1448 295 20 16 la
1482 293 85 17 carence
1581 289 62 16 Écono-

1160 321 66 18 mique
1250 318 115 18 n'entraîne
1388 317 20 17 la
1432 315 73 18 faillite
1528 312 24 17 de
1576 310 6 17 1
1590 308 64 18 elfort

1161 341 118 18 monétaire.
1303 340 59 19 Mais,
1389 337 107 22 peut-être,
1520 332 134 31 ••*?•*£

1160 362 60 20 qu'on
1236 363 53 16 veut.
1304 361 30 17 En
1349 359 117 18 terminant,
1483 356 44 17 tout
1544 357 24 14 en
1584 353 59 16 accor

1160 384 51 16 dant
1227 387 26 13 nu
1270 382 157 20 gouvernement
1442 379 25 17 de
1483 378 66 18 larges
1564 374 79 17 circons-

1162 406 69 15 tances
1245 405 139 16 atténuantes.
1400 402 27 17 M.
1443 400 61 17 Buset
1519 396 71 19 estime
1605 396 25 17 qu

1161 430 12 12 a
1193 425 86 20 manqué
1297 425 25 17 de
1342 423 98 19 direction
1459 421 22 17 et
1500 422 37 18 que
1556 418 48 20 pour
1603 437 4 2 _
1625 416 28 14 lui

1161 446 18 17 le
1194 447 89 16 moment
1297 447 31 16 est
1343 448 51 14 venu
1409 444 24 17 dc
1448 444 70 19 passer
1533 440 20 16 lo
1568 440 62 14 main.

1205 486 31 19 Le
1253 485 69 25 point
1338 485 31 20 de
1386 488 45 16 vue
1447 481 30 21 de
1493 479 26 21 la
1534 475 80 23 droite

1184 517 27 16 M.
1230 517 76 16 Carton
1324 516 24 17 de
1367 515 63 17 W'iart
1448 511 85 20 critique
1551 505 103 20 l'ottUude

1160 537 107 19 socialiste,
1285 537 48 20 qu'il
1348 536 72 17 estime
1437 537 37 17 peu
1492 530 155 23 parlementaire

1161 559 21 16 et
1204 559 107 16 rencontre
1332 558 101 17 certaines
1454 555 36 16 des
1511 552 96 18 critiques
1629 552 25 12 o«

1161 580 26 16 M.
1207 580 67 16 Buset.
1294 580 30 16 En
1342 578 85 18 matière
1446 573 134 23 d'épuration.
1599 571 14 15 »
1632 571 22 14 «

1160 600 79 17 déclare
1257 601 93 20 partisan
1367 600 60 16 dune
1444 595 114 22 répression
1575 595 68 15 énergi-

1161 625 44 16 que.
1221 622 52 16 Mais
1288 625 26 13 on
1329 622 49 16 s'est
1394 618 70 19 trouvé
1479 621 25 13 en
1520 615 94 21 présence
1629 615 25 12 ae

1161 643 93 17 soixante
1268 643 54 16 mlHe
1336 641 140 18 arrestations,
1491 642 23 13 ce
1528 637 33 19 qui
1576 639 13 12 a
1603 637 50 13 oou-

1161 664 23 20 gé
1199 664 12 17 k
1227 664 89 16 recourir
1330 664 12 16 à
1358 664 35 16 des
1407 663 60 16 mises
1481 663 25 14 en
1521 658 71 17 liberté
1607 658 36 16 pro-

1161 685 78 18 visoire,
1256 689 27 13 en
1299 685 111 17 attendant
1426 686 38 17 que
1480 681 30 17 les
1525 678 129 20 culpabilités

1162 706 90 20 puissent
1267 706 44 17 être
1326 705 91 18 établies.

1184 734 30 17 En
1240 734 85 17 matière
1351 732 118 19 financière,
1497 729 97 18 l'orateur
1621 727 21 14 re-

1162 757 65 19 grette
1244 757 101 16 certaines
1363 753 165 21 tergivcrsa*lor.s
1545 751 19 16 et
1582 750 71 15 estime

1162 778 61 19 qu'on
1239 781 25 14 ne
1281 779 48 18 peut
1346 775 143 19 Indéfiniment
1505 772 82 20 bloquer
1604 771 7 15 1
1619 771 23 14 ar-

1162 800 54 19 gent.
1433 798 8 9 '

1231 831 36 21 La
1282 830 121 21 méfiance
1418 829 43 21 des
1475 825 110 24 libéraux

1186 862 27 17 M.
1238 863 113 17 Maistriau,
1376 866 26 13 au
1426 864 47 14 nom
1496 859 36 17 des
1555 856 97 18 libéraux,

1162 884 31 17 dit
1217 885 97 19 pourquoi
1339 888 32 13 ses
1395 883 52 17 amis
1471 880 115 19 refuseront
1609 877 44 17 leur

1163 906 107 17 confiance
1287 909 27 13 au
1332 904 163 22 gouvernement,
1513 901 34 21 qui
1566 900 87 18 manque

1163 927 26 17 du
1205 927 126 20 dynamisme
1346 926 120 18 nécessaire.

1185 956 37 17 Les
1236 957 79 17 raisons
1328 956 35 17 des
1376 955 91 18 llbeVraux
1481 953 47 18 sont
1543 951 110 18 contenues

1163 978 51 16 dans
1228 978 73 17 l'ordre
1316 978 26 17 du
1357 978 46 20 Jour
1418 976 45 17 voté
1476 976 18 16 le
1510 973 65 18 matin
1589 972 63 17 même

1163 1003 38 16 par
1217 999 28 17 lei
1261 999 89 20 gauches
1366 998 93 18 libérales
1474 997 26 17 de
1516 996 20 17 la
1553 993 100 19 Ct»mbre

1163 1022 20 16 et
1200 1021 27 16 du
1244 1021 63 17 Sénat
1325 1021 86 17 réunies.

1184 1049 29 17 La
1229 1049 60 17 brève
1305 1049 136 17 Intervention
1458 1047 25 17 de
1499 1047 28 17 M.
1543 1043 109 19 Maistriau

1162 1071 31 17 est
1209 1070 109 20 applaudie
1333 1074 36 14 sur
1384 1070 28 18 les
1427 1070 63 16 bancs
1506 1066 97 19 libéraux.

1184 1099 28 16 M.
1230 1099 113 18 Marteaux,
1361 1098 139 18 communiste,
1517 1100 26 14 en
1559 1094 94 22 quelques

1163 1122 58 18 mots,
1237 1124 22 13 se
1274 1120 85 20 déclare,
1375 1120 12 18 à
1403 1121 35 16 des
1454 1122 90 14 nuances
1558 1116 53 21 près,
1627 1118 26 15 en

1162 1142 54 19 plein
1232 1142 72 17 accord
1321 1146 48 13 avec
1383 1146 36 13 son
1433 1141 88 20 collègue
1535 1140 69 16 Buset.

1222 1174 35 21 La
1275 1174 109 26 réplique
1402 1174 31 21 de
1452 1174 33 21 M.
1505 1172 91 22 Pierlot

1185 1206 27 16 M.
1231 1206 80 18 Pierlot.
1330 1207 87 19 premier
1434 1206 100 18 ministre,
1552 1205 70 16 monte
1639 1202 13 17 k

1162 1227 20 17 la
1200 1228 81 16 tribune
1298 1232 50 16 pour
1363 1229 104 19 expliquer
1483 1228 20 16 la
1520 1226 89 21 position
1625 1225 27 17 du

1161 1252 164 16 gouverntment.

1184 1278 18 16 Il
1222 1277 73 18 débute
1316 1282 38 16 par
1375 1279 78 16 donner
1474 1281 22 13 sa
1517 1276 79 17 version
1618 1275 34 17 des

1162 1299 128 18 événements
1304 1301 25 16 de
1342 1301 20 16 la
1377 1300 89 17 semaine
1479 1298 93 18 dernière
1586 1300 20 14 et
1621 1300 21 14 re-

1161 1322 66 18 grette
1241 1325 38 16 que
1295 1321 28 17 les
1337 1321 63 20 règles
1414 1320 168 20 parlementaires
1596 1319 56 17 aient

1162 1342 32 17 été
1209 1346 27 13 un
1252 1344 88 16 moment
1355 1343 128 17 méconnues.

1183 1371 89 17 Entrant
1284 1372 79 17 ensuite
1375 1372 52 16 dans
1438 1372 18 16 le
1468 1370 30 17 vif
1508 1370 25 17 de
1545 1373 32 13 ses
1589 1367 52 21 expli-

1162 1393 85 19 cations.
1266 1393 15 16 II
1299 1393 83 20 dépeint
1401 1393 57 17 l'état
1477 1392 52 17 dans
1547 1390 63 20 lequel
1631 1393 21 13 se

1163 1414 89 17 trouvait
1269 1414 19 17 le
1304 1418 56 16 pays,
1378 1418 25 13 au
1420 1415 89 16 moment
1525 1413 24 17 de
1565 1412 21 17 la
1602 1411 39 17 libé-

1161 1435 68 16 ration
1239 1439 5 13 :
1270 1441 9 10 «
1288 1436 37 16 Les
1348 1436 70 19 Belges
1441 1435 78 17 étalent
1542 1432 99 22 profondé-

1162 1458 55 15 ment
1230 1456 79 20 divisés,
1324 1458 158 16 contrairement
1496 1457 12 16 k
1523 1460 22 13 ce
1556 1455 33 19 qui
1603 1455 47 16 s'est

1161 1477 59 20 passé
1235 1478 59 20 après
1309 1479 73 16 l'autre
1396 1482 77 16 guerre.
1487 1478 37 17 Les
1538 1475 113 19 difficultés

1161 1498 78 18 étaient
1252 1500 146 17 certainement
1412 1499 42 18 très
1467 1499 87 20 grandes
1569 1499 20 16 et
1604 1496 48 18 elles

1161 1521 58 16 n'ont
1236 1524 37 16 pas
1291 1521 32 17 été
1342 1521 122 17 amoindries
1482 1524 38 17 par
1538 1519 114 18 l'offensive

1161 1541 25 17 de
1199 1545 38 13 von
1251 1543 120 17 Rundstedt.

1183 1571 26 16 Le
1221 1572 87 19 premier
1320 1572 93 17 ministre
1426 1572 84 18 attaque
1522 1570 129 17 violemment

1161 1591 21 17 la
1197 1596 68 16 presse
1278 1593 41 20 qut,
1335 1593 56 17 selon
1406 1593 34 18 lui.
1457 1597 12 13 a
1484 1591 87 20 manqué
1585 1591 13 18 à
1614 1594 36 14 son

1161 1614 68 17 devoir
1248 1615 20 16 et
1288 1618 13 13 a
1320 1614 99 18 méconnu
1438 1615 29 16 les
1486 1613 85 18 intérêts
1591 1611 49 22 supé-

1161 1635 65 17 rieurs
1245 1636 27 16 du
1290 1639 57 17 pays,
1368 1636 113 20 lorsqu'elle
1500 1636 42 16 s'en
1562 1634 42 21 prit
1625 1636 25 14 au

1160 1658 162 18 gouvernement.

1183 1685 27 17 M.
1226 1686 75 17 Pierlot
1317 1690 25 13 en
1359 1686 55 17 vient
1430 1686 57 17 enfin
1504 1685 13 17 à
1533 1684 119 21 s'expliquer

1160 1709 35 13 sur
1208 1706 83 18 l'action
1305 1707 27 17 du
1344 1707 164 20 gouvernement.

1183 1734 29 16 En
1234 1735 44 16 tout
1299 1735 87 20 premier
1406 1735 46 19 Heu.
1474 1734 14 17 il
1509 1733 56 21 parle
1586 1733 24 17 dc
1631 1732 20 17 la

1160 1755 161 19 réorganisation
1340 1756 25 16 de
1384 1757 58 16 notre
1462 1755 74 17 armée.
1555 1755 37 16 Les
1610 1753 31 17 dif-

1161 1775 80 18 ficultés
1262 1780 50 16 pour
1333 1777 79 16 obtenir
1433 1777 35 16 des
1488 1779 67 14 armes
1575 1775 21 17 et
1616 1774 36 17 des

1160 1797 111 17 munitions
1289 1798 36 16 ont
1343 1797 32 17 été
1394 1798 134 17 nombreuses.
1547 1796 18 16 Il
1583 1794 68 21 répète

1159 1818 97 18 pourquoi
1276 1822 25 12 on
1321 1822 12 13 a
1354 1818 79 20 préféré
1453 1817 89 17 recourir
1560 1820 26 13 en
1606 1816 45 16 tout

1159 1838 86 19 premier
1259 1839 40 17 Heu
1313 1843 26 13 au
1354 1839 130 18 volontariat.

1181 1866 30 16 En
1239 1870 22 13 ce
1290 1867 33 19 qut
1352 1871 98 13 concerne
1477 1866 21 18 la
1525 1865 124 17 Résistance.

1159 1887 26 17 M.
1206 1887 75 17 Pierlot
1300 1888 71 17 estime
1391 1888 48 20 qu'il
1459 1891 25 14 ne
1504 1887 84 20 pouvait
1607 1885 43 17 être

1159 1908 91 19 question
1276 1908 25 17 de
1326 1909 73 17 tolérer
1422 1909 19 17 le
1465 1907 136 18 recrutement
1626 1906 24 17 de

1159 1928 76 17 milices
1247 1929 83 19 armées,
1343 1929 60 20 après
1415 1929 20 17 la
1448 1929 107 17 libération
1568 1928 27 17 du
1608 1928 32 16 ter-

1159 1949 75 17 ritoire.
1254 1950 55 16 Ceux
1329 1951 33 19 qui
1383 1950 102 17 voulaient
1505 1949 107 17 continuer
1631 1947 19 18 le

1158 1970 80 17 combat
1253 1970 94 18 devaient
1362 1973 69 15 entrer
1445 1971 52 17 dans
1512 1969 88 18 l'armée.

1181 1998 29 16 En
1223 1998 84 17 matière
1320 1998 24 17 de
1357 1998 113 21 répression
1482 1998 21 17 et
1514 1997 135 20 d'épuration,

1158 2019 27 17 M.
1199 2019 75 17 Pierlot
1287 2020 79 17 montre
1380 2020 29 17 les
1422 2018 112 18 difficultés
1548 2017 102 21 multiples

1159 2039 114 19 auxquelles
1288 2040 18 17 le
1322 2040 92 18 ministre
1430 2040 24 17 de
1468 2040 21 17 la
1504 2039 77 17 Justice
1597 2043 12 13 a
1625 2042 25 13 eu

1159 2063 11 13 a
1188 2060 52 17 faire
1256 2060 45 17 face
1316 2062 21 16 et
1354 2061 13 16 11
1383 2061 50 17 rend
1449 2060 106 20 hommage
1571 2063 27 13 au
1614 2059 25 17 dé-

1158 2082 106 16 vouement
1277 2082 21 16 et
1310 2085 13 13 a
1334 2081 79 20 l'esprit
1425 2081 87 20 d'équité
1525 2081 50 17 dont
1588 2080 62 17 celui-

1158 2101 18 16 ci
1192 2105 12 13 a
1220 2101 92 20 toujours
1327 2101 40 18 fait
1382 2105 80 17 preuve.

1180 2128 26 17 Le
1228 2129 101 19 problème
1352 2129 101 18 financier
1475 2129 61 16 était-
1549 2128 102 18 certain»'

1158 2150 56 16 ment
1232 2153 29 13 un
1280 2150 36 16 des
1335 2150 46 19 plus
1399 2150 99 17 difficiles
1516 2150 12 16 à
1548 2149 100 17 résoudre.

1158 2170 42 16 Une
1219 2170 35 17 des
1273 2170 118 20 opérations
1409 2171 29 16 les
1457 2170 45 20 plus
1521 2170 97 17 délicates
1636 2173 13 13 a

1157 2190 32 17 été
1202 2190 18 18 le
1232 2191 157 20 remplacement
1401 2192 36 16 des
1448 2191 67 17 billets
1527 2191 24 17 de
1563 2191 86 19 banque.

1179 2218 30 17 En
1224 2222 22 13 ce
1261 2218 34 20 qui
1310 2222 98 13 concerne
1422 2219 19 17 le
1455 2219 102 19 chômage.
1574 2218 13 17 11
1602 2222 14 16 y
1630 2222 18 15 a,

1157 2242 26 13 au
1199 2239 107 19 préalable,
1322 2243 28 13 un
1365 2239 101 20 problème
1481 2239 94 17 essentiel
1591 2239 48 17 d'Im-

1156 2260 104 18 portation
1276 2260 25 16 de
1317 2260 96 17 matières
1428 2260 108 20 premières
1552 2260 12 16 k
1581 2260 58 17 résou-

1156 2280 41 20 dre,
1212 2280 131 18 étroitement
1358 2281 107 18 tributaire
1479 2282 37 16 des
1529 2281 109 20 contingen-

1156 2304 33 13 ces
1212 2301 112 18 militaires.
1348 2302 92 17 Pendant
1463 2302 18 17 le
1505 2303 95 16 semestre
1623 2305 26 13 en

1156 2325 59 12 cours
1232 2325 27 12 on
1278 2321 78 20 prévoit
1374 2323 165 16 mensuellement
1558 2323 36 16 des
1611 2322 28 17 Im-

1156 2341 115 20 portations
1289 2342 12 16 à
1317 2346 135 14 concurrence
1468 2343 25 17 de
1509 2343 76 18 250.000
1603 2344 35 16 ton-

1156 2365 41 15 nes,
1214 2365 13 16 y
1242 2363 87 18 compris
1344 2363 29 17 les
1389 2364 93 19 produits
1496 2364 125 17 nécessaires
1637 2368 11 13 a

1156 2383 58 16 notre
1229 2383 165 18 ravitaillement.

1178 2402 26 17 Le
1224 2403 74 19 régime
1318 2404 129 18 alimentaire
1467 2405 43 17 doit
1530 2405 43 17 être
1593 2404 46 18 amé-

1156 2423 55 17 lioré.
1224 2423 18 17 Il
1256 2423 45 18 faut
1314 2425 77 17 arriver
1405 2425 12 17 à
1430 2426 46 16 2400
1489 2426 91 19 calories,
1594 2426 55 17 alors

1155 2444 47 19 qu'à
1214 2444 77 17 l'heure
1304 2446 85 17 actuelle
1402 2450 51 13 nous
1465 2451 26 13 en
1504 2451 87 13 sommes
1603 2448 35 16 tou-

1155 2464 57 19 jours
1227 2465 12 16 à
1256 2465 50 18 1500.

1178 2485 80 17 S'étant
1272 2486 53 17 ainsi
1339 2487 129 19 longuement
1482 2487 74 17 étendu
1571 2491 35 14 sur
1619 2487 30 17 les

1155 2505 111 20 problèmes
1287 2507 26 17 du
1335 2508 165 20 ravitaillement.
1522 2509 18 17 le
1562 2509 86 20 premier

1155 2527 93 17 ministre
1261 2531 59 16 passe
1333 2529 168 17 successivement
1514 2533 25 13 en
1554 2533 60 13 revue
1628 2529 20 17 la

1155 2548 92 18 question
1265 2548 26 17 du
1310 2549 96 19 charbon,
1424 2549 21 17 la
1463 2549 97 21 politique
1577 2550 60 17 étran-

1154 2567 52 20 gère,
1221 2568 20 17 la
1255 2569 96 20 politique
1365 2571 74 16 sociale
1452 2572 22 15 et
1488 2571 28 16 les
1530 2570 70 20 grèves
1614 2571 33 19 qui

1155 2592 20 13 se
1194 2589 118 19 produisent
1331 2591 26 16 ici
1373 2592 22 16 et
1412 2591 27 17 là.
1459 2591 16 16 A
1493 2595 23 13 ce
1533 2594 81 17 propos,
1634 2591 13 16 il

1154 2609 31 16 dit
1198 2610 48 19 qu'il
1259 2613 12 16 y
1284 2615 13 12 a
1311 2615 27 12 un
1351 2612 48 16 chef
1411 2612 124 17 d'orchestre
1549 2612 98 17 Invisible.

1177 2630 25 17 Et
1221 2631 27 17 M.
1268 2631 75 17 Pierlot
1362 2633 87 16 termine
1467 2636 26 13 en
1513 2633 70 16 disant
1602 2636 44 16 que.

1154 2654 51 16 pour
1220 2655 24 13 sa
1260 2653 53 18 part.
1332 2652 14 17 11
1363 2657 25 13 ne
1405 2653 93 17 voudrait
1516 2657 37 16 pas
1570 2657 66 13 recom-

1154 2675 80 13 mencer
1249 2672 138 20 rexperienep.
1402 2674 70 19 Quant
1488 2673 13 17 à
1517 2674 34 19 lui,
1568 2674 15 17 11
1599 2675 48 19 part

1152 2696 49 13 avec
1217 2693 18 16 le
1251 2694 55 16 souci
1322 2695 26 16 du
1364 2695 69 17 devoir
1448 2695 98 20 accompli
1561 2695 21 17 et
1597 2698 49 13 avec

1153 2712 19 17 ta
1188 2714 99 17 certitude
1303 2718 37 16 que
1354 2715 81 17 demain
1451 2719 25 13 on
1493 2720 20 12 se
1529 2716 117 16 retrouvera

1152 2737 26 13 en
1197 2734 95 20 présence
1311 2736 36 16 des
1367 2735 74 18 mêmes
1461 2736 120 18 difficultés.

1175 2754 17 17 A
1212 2759 23 12 sa
1255 2755 94 18 descente
1369 2756 25 17 de
1415 2757 86 19 tribune,
1522 2757 28 19 M.
1571 2756 75 17 Pierlot

1152 2776 31 15 eat
1196 2776 97 19 applaudi
1306 2781 37 16 par
1356 2777 20 17 la
1389 2778 66 17 droite
1467 2779 22 16 et
1502 2781 37 17 par
1552 2778 94 20 quelques

1152 2796 97 18 libéraux.

1174 2816 28 17 La
1224 2817 112 18 discussion
1358 2819 31 16 est
1411 2819 80 17 ensuite
1512 2819 98 20 renvoyée
1633 2818 12 17 à

1152 2838 97 17 mercredi
1267 2839 65 17 matin
1351 2839 21 17 10
1389 2839 78 18 heures.

1174 2858 32 17 On
1229 2859 68 17 votera
1320 2864 26 13 au
1369 2861 45 19 plus
1435 2861 47 17 tard
1504 2860 140 21 l'après-midi,

1152 2882 45 13 vers
1215 2880 21 16 16
1252 2880 73 17 heures
1348 2889 23 4 —
1386 2881 22 18 P.

1684 90 141 65 LES
1868 78 305 73 SPORTS

1676 205 99 40 Après
1792 205 28 29 le
1837 200 103 33 match

1674 237 502 79 ANGLETERRE-ECOSSE

1754 358 111 30 Bonnes
1882 348 214 39 individualités

1721 403 74 31 mais
1811 402 47 39 jeu
1876 400 134 39 d'équipe
2031 401 98 34 moyen

1698 470 62 20 Angle
1762 470 142 18 terre-Ecosse,
1931 465 92 20 nouvelle
2047 463 78 18 édition
2152 461 24 17 dc

1676 496 77 17 guerre,
1769 496 12 12 a
1794 491 32 17 été
1840 490 87 21 disputé,
1942 490 53 17 cette
2009 487 46 18 lois,
2070 485 52 17 dans
2137 486 39 14 une

1676 515 35 17 des
1728 513 105 21 provinces
1850 513 25 17 où
1893 513 18 17 le
1929 509 85 19 football
2030 510 32 16 est
2079 507 38 18 roi;
2137 507 39 14 une

1676 535 76 21 grande
1772 534 46 19 ville
1837 533 127 18 industrielle
1983 531 35 20 qui
2039 528 66 18 abrite
2126 528 50 16 trois

1676 557 56 18 clubs
1749 555 87 18 célèbres
1854 556 52 17 dans
1925 555 28 17 les
1971 551 86 20 annales
2075 550 27 17 du
2122 550 43 15 foot-

1676 578 41 17 ball
1727 581 5 14 :
1751 576 140 21 Birmingham
1910 577 21 16 P.
1950 576 28 19 C,
1996 575 63 16 Aston
2078 571 52 18 Villa
2148 571 27 16 et.

1677 600 44 16 tout
1738 598 52 21 près.
1808 599 54 16 West
1879 597 113 18 Bromwlch
2009 595 79 17 Albion.

1699 628 121 19 Longtemps
1835 627 64 17 avant
1914 626 20 17 la
1947 625 49 17 date
2011 624 60 18 fixée,
2087 623 46 16 tous
2147 620 28 17 Icjs

1677 649 72 17 tickets
1763 648 78 17 étalent
1857 647 82 18 vendus.

1699 678 44 17 Une
1763 676 40 17 fols
1821 677 25 17 de
1865 676 51 21 plus,
1935 676 53 16 dans
2007 675 53 16 cette
2078 672 53 18 aérJe
2150 670 25 17 de

1676 699 92 17 matehes
1783 698 57 20 Joués
1856 699 76 16 durant
1949 698 19 16 la
1985 699 72 17 guerre
2072 703 23 4 —
2110 695 23 16 et
2149 694 26 15 on

1675 720 54 20 Joue,
1751 719 137 19 maintenant,
1912 719 64 16 même
1998 718 53 17 deux
2075 716 39 17 fols
2137 716 38 18 par

1677 745 26 13 an
1717 749 23 4 —
1754 740 29 17 les
1798 741 92 17 Ecossais
1905 740 70 17 furent
1990 740 70 16 battus
2070 742 5 13 :
2092 737 11 18 3
2118 736 57 21 goals

1675 762 14 18 à
1704 762 19 17 a.

1699 791 54 17 C'est
1773 790 20 17 la
1815 790 112 19 cinquième
1948 789 77 18 défaite
2047 787 128 18 consécutive)

1675 812 28 17 du
1722 813 54 15 team
1794 811 99 17 d'Ecosse.

1725 847 175 17 PROSPECTIOV
1917 846 61 17 PLUS
1995 843 127 19 DIFFICILE

1699 876 58 17 Cette
1765 889 3 5 .
1780 875 52 18 série
1855 876 25 17 de
1904 875 94 17 victoires
2023 872 102 20 anglaises
2149 874 26 13 ne

1676 899 49 19 peut
1749 896 44 17 être
1817 897 115 17 considérée
1957 893 115 22 cependant
2097 895 77 14 comme

1677 922 38 13 une
1731 917 123 21 suprématie
1871 919 24 16 dc
1911 916 105 18 méthodes
2032 918 26 14 ou
2074 914 25 16 de
2117 913 46 16 tech-

1676 940 68 20 nique;
1766 939 37 17 elle
1820 941 32 15 est
1872 940 39 16 due
1931 935 209 20 vraisemblablement
2161 935 13 14 a

1676 965 39 13 une
1738 960 94 20 question
1855 961 25 16 de
1903 959 136 18 recrutement
2062 956 112 17 d'hommes

1676 986 50 16 pour
1745 982 21 16 la
1785 982 111 16 formation
1914 981 25 17 de
1956 979 87 21 l'équipe
2062 976 112 18 nationale.

1676 1003 85 18 L'effort
1784 1003 25 16 de
1831 1006 72 16 guerre
1925 1006 26 13 ne
1973 1001 78 21 permet
2074 1002 37 17 pas
2134 999 40 14 aux

1675 1024 159 17 sélectionneurs
1848 1024 25 18 de
1886 1023 91 20 disposer
1991 1022 25 17 de
2030 1023 46 14 tous
2091 1019 28 18 les
2133 1018 30 17 élé-

1676 1048 75 17 ments;
1774 1045 98 17 éléments
1894 1044 60 21 qu'ils
1977 1043 82 17 avalent
2081 1044 49 13 «ous
2155 1039 19 16 la

1676 1067 56 17 main
1757 1067 64 16 avant
1847 1069 77 17 guerre,
1951 1065 46 17 bien
2021 1061 107 19 entraînés
2152 1060 22 16 et

1676 1087 72 18 couvés
1762 1091 37 16 par
1813 1087 54 17 leurs
1881 1087 113 19 dirigeants
2008 1085 25 17 de
2048 1083 56 18 clubs
2126 1082 12 16 à
2154 1081 20 17 la

1676 1110 66 16 bonne
1755 1108 76 20 époque
1844 1109 25 16 où
1883 1109 43 17 leur
1938 1107 56 17 souci
2008 1104 100 22 principal
2121 1103 53 17 était

1676 1131 18 17 le
1710 1132 58 18 sport
1785 1130 27 16 du
1829 1129 69 17 ballon
1915 1128 57 18 rond.

1698 1152 37 17 Les
1752 1151 96 19 critiques
1865 1150 127 18 s'accordent
2009 1148 12 17 à
2040 1147 43 17 dire
2101 1149 37 16 que
2156 1145 17 16 si

1676 1174 28 16 les
1720 1172 160 17 sélectionneurs
1897 1173 36 15 ont
1951 1171 12 16 k
1980 1169 76 18 choisir
2072 1171 28 13 un
2119 1168 55 16 team

1676 1198 48 13 sans
1742 1195 59 16 autre
1819 1194 56 16 souci
1893 1196 38 17 que
1950 1192 24 16 de
1994 1191 67 16 battre
2081 1189 92 17 l'Ecosse,

1676 1216 57 20 point
1753 1215 24 17 de
1795 1214 110 21 profondes
1922 1212 113 18 réflexions-
2051 1214 26 13 ne
2095 1210 49 16 sont
2161 1211 13 13 a

1675 1237 114 19 envisager;
1803 1236 19 17 le
1834 1242 9 9 «
1852 1239 49 13 onze
1909 1241 9 9 »
1931 1235 35 20 qui
1979 1238 12 12 a
2005 1232 65 21 gagné
2084 1232 12 16 à
2110 1231 64 16 Aston

1678 1258 58 19 Villa,
1763 1257 46 20 plus
1836 1257 99 17 aisément
1963 1258 39 17 que
2028 1253 99 19 l'indique
2154 1251 19 16 le

1676 1283 62 14 score,
1756 1280 48 19 peut
1821 1278 118 17 hardiment
1956 1277 43 17 être
2016 1275 65 20 repris
2098 1275 21 15 et
2137 1276 26 14 en-

1676 1300 54 20 voyé,
1752 1300 18 17 le
1792 1300 21 16 14
1834 1299 52 17 avril
1906 1297 105 21 prochain,
2034 1297 12 17 à
2066 1294 107 20 Hampden

1676 1321 59 18 Park.
1755 1321 13 16 à
1786 1321 101 19 Glasgow.
1906 1319 110 17 Toutefois,
2035 1318 60 16 entre
2115 1315 48 17 cher-

1676 1343 48 16 cher
1737 1342 12 16 à
1762 1345 76 17 gagner
1851 1345 28 13 un
1892 1340 69 17 match
1973 1341 22 16 ct
2007 1338 115 18 construire
2134 1339 39 14 une

1675 1363 71 20 équipe
1764 1362 111 19 nationale,
1893 1362 26 17 de
1937 1360 85 21 laquelle
2041 1363 26 13 on
2087 1358 87 18 réclame

1676 1388 27 13 un
1722 1391 8 7 «
1739 1383 100 17 standard
1848 1389 8 9 »
1875 1382 55 17 élevé
1946 1383 25 16 de
1988 1380 94 21 qualités,
2100 1380 14 17 il
2131 1383 13 16 y
2161 1382 12 13 a

1676 1409 38 13 une
1731 1405 90 16 certaine
1837 1407 75 16 marge.
1928 1404 34 17 Or.
1980 1403 86 19 l'équipe
2082 1400 91 20 anglaise

1675 1427 102 19 gagnante
1798 1425 33 17 fut
1852 1425 41 17 loin
1915 1425 64 17 d'être
2000 1427 28 13 un
2050 1422 124 21 producteur

1675 1447 24 17 de
1713 1447 85 17 football
1811 1446 25 17 de
1849 1446 63 17 haute
1926 1445 69 17 classe.
2009 1445 30 17 La
2052 1444 54 19 ligne
2119 1443 44 17 d'at-

1675 1470 61 18 taque
1758 1467 51 17 était
1833 1466 111 20 composée,
1967 1469 39 17 par
2026 1464 97 20 exemple,
2149 1463 25 17 de

1675 1490 46 19 cinq
1736 1489 94 16 brillants
1845 1489 85 17 solistes,
1947 1488 52 16 mais
2014 1490 42 13 non
2073 1489 42 16 pas,
2131 1484 42 18 soit

1674 1511 31 16 dit
1724 1514 26 13 en
1770 1511 74 16 termes
1863 1509 124 19 techniques,
2007 1508 25 17 de
2051 1508 52 16 deux
2123 1505 50 17 aile*

1675 1533 20 15 et
1713 1531 49 17 d'un
1781 1531 62 20 pivot.
1862 1530 105 18 Franklin,
1987 1532 27 14 au
2032 1530 70 16 center
2121 1526 51 19 half,

1675 1556 25 13 ne
1717 1553 32 16 fut
1765 1556 37 16 pas
1819 1555 39 13 une
1875 1551 118 17 révélation.

1697 1573 100 18 L'Ecosse,
1811 1573 25 16 de
1849 1576 38 13 son
1901 1572 50 19 côté,
1965 1572 32 16 est
2012 1570 42 17 fort
2068 1569 41 17 mal
2124 1568 49 18 lotie

1674 1598 51 16 pour
1741 1594 113 17 construire
1871 1597 36 13 son
1924 1599 9 9 «
1942 1596 48 13 onze
1999 1595 18 15 >;
2033 1591 39 17 elle
2089 1589 84 21 possède

1675 1615 142 17 actuellement
1843 1618 28 13 un
1898 1614 40 17 bon
1964 1612 85 21 gardien
2077 1612 25 16 de
2130 1610 41 18 but,

1674 1637 24 17 R.
1719 1637 80 17 Brown;
1821 1639 28 13 un
1871 1635 76 17 arrière
1968 1634 83 19 gauche.
2072 1632 99 20 Stephen;

1674 1661 28 13 un
1716 1658 69 15 center
1797 1656 51 19 half,
1860 1657 77 19 Thyne,
1950 1656 20 16 et
1983 1655 46 17 Mac
2042 1653 71 20 Aulay.
2127 1652 46 17 half

1674 1678 83 19 gauche,
1779 1678 49 16 c'est
1849 1677 12 17 à
1882 1681 38 16 peu
1941 1676 46 21 près
2008 1676 52 17 tout.
2080 1675 27 17 Le
2127 1673 46 18 half

1674 1699 67 19 Busby
1762 1698 33 17 fut
1817 1699 46 19 trop
1884 1698 86 17 souvent
1992 1697 60 17 battu
2073 1699 39 17 par
2135 1698 37 14 son

1675 1720 120 18 adversaire,
1812 1719 73 17 Smith.
1901 1719 24 17 NI
1940 1718 74 19 Dodds.
2029 1718 22 17 ni
2065 1716 69 19 Black,
2150 1715 22 17 ni

1674 1741 69 19 Pagan
1759 1744 26 13 ne
1802 1740 86 17 tirèrent
1904 1743 56 14 assez
1978 1739 54 20 parti
2049 1739 25 17 de
2091 1737 71 18 l'insuf-

1674 1762 78 16 fisance
1767 1761 36 17 des
1818 1763 71 15 center
1903 1761 46 17 half
1964 1760 87 20 anglais.
2065 1768 25 4 —
2104 1759 19 17 J.

1435 2948 189 42 Brasillach

1426 3009 58 40 est
1504 3008 119 42 fusillé

1442 3082 77 22 Paris.
1527 3083 13 20 6
1548 3082 96 21 février.

1411 3117 29 4 —
1465 3107 92 21 Robert
1582 3108 51 20 Bra-

1409 3130 88 21 sillach
1522 3131 123 22 directeur

1412 3155 31 20 de
1451 3151 180 25 l'hebdomadai-

1411 3184 27 16 re
1453 3188 9 9 «
1477 3180 31 20 Je
1521 3180 51 21 suis
1585 3184 46 21 par-

1409 3203 55 21 tout
1473 3211 18 18 »,
1506 3204 138 21 condamné

1410 3228 16 21 à
1442 3229 66 20 mort
1525 3233 61 20 pour
1603 3229 28 20 in-

1408 3252 141 25 telligences
1584 3258 59 16 avec

1410 3276 123 25 l'ennemi,
1561 3283 16 16 a
1604 3278 40 21 été

1410 3301 82 21 fusillé
1510 3302 88 21 mardi.
1616 3314 29 4 —

1410 3325 99 22 Reuter.

1244 3384 35 31 Le
1292 3384 254 35 méconfenfement

1258 3429 73 32 dans
1348 3430 27 31 le
1391 3431 139 40 Borinage

1166 3495 28 17 Le
1213 3495 184 19 mécontentement
1419 3498 61 20 règne
1499 3499 54 17 dnns
1573 3501 68 17 toutes

1144 3515 29 18 les
1194 3516 80 20 régions
1294 3518 28 17 du
1343 3522 56 16 pays,
1420 3520 13 17 à
1455 3524 60 14 cause
1535 3522 36 17 des
1592 3526 38 16 pro-

1143 3541 76 14 messes
1235 3541 200 17 gouvernementales
1451 3542 75 20 Jamais
1544 3544 78 17 tenues.

1167 3560 32 16 On
1214 3564 22 13 se
1250 3560 67 20 plaint
1332 3562 27 17 du
1374 3566 88 16 manque
1476 3564 26 17 de
1517 3565 82 19 rigueur
1614 3569 26 14 ou

1142 3580 26 17 de
1185 3581 155 20 Jurisprudence
1356 3587 26 13 cn
1399 3585 86 17 matière
1503 3585 137 21 d'épuration,

1143 3602 52 16 mais
1209 3604 81 16 surtout
1303 3604 25 17 de
1341 3605 151 19 l'insuffisance
1504 3607 28 17 du
1546 3608 84 17 ravitail-

1143 3623 82 18 lement.

1165 3646 58 16 Dans
1239 3647 101 17 certaines
1357 3651 116 15 communes
1488 3650 26 16 du
1531 3650 102 21 Borinag*

1142 3666 26 17 où
1183 3667 19 16 la
1217 3667 73 18 misère
1304 3668 52 18 était
1369 3669 48 21 déjà
1432 3671 95 18 indicible
1540 3674 64 16 avant
1619 3673 20 17 la

1142 3691 77 16 guerre,
1236 3689 146 20 imagine-t-on
1397 3691 13 17 ix
1424 3693 48 19 quel
1487 3693 60 20 degré
1563 3694 25 18 de
1602 3695 26 17 dé-

1142 3711 97 16 nuement
1253 3710 29 18 les
1297 3715 87 16 pauvres
1398 3716 50 17 gens
1462 3715 38 16 ont
1513 3718 27 17 pu
1555 3715 73 18 descen-

1142 3730 36 17 dre
1192 3735 25 13 en
1230 3735 23 13 ce
1265 3732 34 18 qui
1313 3736 98 15 concerne
1425 3735 28 17 les
1468 3735 121 19 chaussures
1609 3737 30 18 les

1142 3752 112 18 vêtements
1268 3754 20 16 et
1303 3754 19 17 le
1336 3755 55 20 linge
1399 3756 10 16 ?

1164 3774 51 19 Quoi
1227 3774 129 21 d'étonnant,
1370 3776 60 21 alors,
1445 3782 38 16 que
1496 3778 29 18 les
1538 3779 100 20 grévlcul-

1142 3795 56 17 tcurs
1213 3796 56 17 aient
1284 3797 50 17 beau
1350 3798 34 19 Jeu
1397 3799 22 17 et
1432 3803 40 16 que
1486 3801 46 17 tous
1547 3801 29 18 les
1590 3802 37 20 pré-

1141 3816 65 18 textes
1218 3817 66 17 soient
1296 3819 51 17 bons
1359 3823 51 16 pour
1423 3824 25 13 ne
1461 3825 38 16 pas
1513 3823 105 18 travailler
1627 3825 10 16 ?

1139 3838 63 19 Ainsi,
1218 3839 28 16 les
1260 3840 90 17 mineurs
1363 3841 26 17 de
1403 3842 234 20 Hensies-Pommeroeul

1140 3860 82 16 veulent
1242 3862 65 15 rester
1327 3866 25 12 en
1373 3862 61 20 grève
1454 3864 81 19 jusqu'à
1555 3870 24 13 ce
1598 3870 40 16 que

1139 3880 79 20 chaque
1235 3882 84 20 ménage
1336 3884 26 16 de
1379 3884 20 16 la
1417 3889 106 15 commune
1541 3888 30 16 ait
1588 3892 49 13 reçu

1140 3902 34 17 225
1188 3903 65 19 kilngs
1267 3904 25 16 de
1307 3905 97 18 charbon.
1417 3915 25 4 —
1455 3907 23 17 E.

1163 3955 51 31 Les
1234 3957 97 30 -Trois
1348 3958 127 38 grands*»
1495 3962 122 30 causent

1163 4024 32 17 On
1209 4026 52 16 croit
1275 4027 67 16 savoir
1356 4031 38 15 que
1408 4028 18 17 le
1439 4028 40 17 lieu
1494 4029 24 17 de
1532 4029 21 18 la
1567 4031 59 16 confé-

1140 4049 60 14 rence
1215 4046 35 17 des
1265 4047 57 17 chefs
1338 4048 57 17 alliés
1411 4050 64 16 serait
1489 4050 77 21 Sotchi,
1582 4052 53 16 dans

1140 4067 19 17 le
1174 4069 97 20 Caucase,
1285 4072 28 14 au
1328 4070 50 17 bord
1392 4070 26 18 de
1433 4071 22 17 la
1468 4072 46 17 Mer
1529 4073 67 18 Noire.
1611 4082 24 5 —

1138 4089 71 18 A.PJ».

1747 1811 42 24 La
1807 1810 99 30 Coupe
1926 1811 37 24 de
1982 1809 115 25 France

1825 1848 40 19 en
1888 1842 127 25 football

1694 1880 57 17 Voici
1767 1880 29 19 les
1811 1880 98 17 résultats
1924 1880 36 17 des
1976 1880 33 16 16e
2025 1879 25 17 de
2066 1879 64 17 finale
2140 1882 5 13 :

1694 1901 182 20 Lens-Tourcoing,
1900 1901 41 17 13-1
1945 1904 6 16 ;
1973 1900 142 19 Racing-Trou
2117 1900 52 18 ville.

1672 1922 41 20 7-0;
1728 1921 187 20 Toulouse-Nlmes,
1930 1922 41 18 6-1;
1987 1920 183 18 Girondins-Saint

1671 1942 103 19 Gaudens,
1792 1943 41 18 5-1;
1851 1944 43 16 A.S.
1912 1941 205 19 Orléans-Charente.
2127 1941 41 20 5-0;

1671 1963 264 20 Valenciennes-Excelsior,
1957 1963 41 19 4-1;
2033 1963 55 19 Lyon
2110 1962 60 19 O.U.-

1671 1984 69 17 R.C.F.
1760 1983 96 21 Comtois.
1877 1983 42 20 4-1;
1940 1983 112 17 Marseille-
2054 1983 15 17 A
2071 1983 34 19 lès.
2127 1984 42 19 4-1;

1671 2005 108 17 Rouen-Le
1803 2005 73 18 Havre.
1909 2004 42 19 3-0;
1984 2004 186 17 Clermont-Salnt-

1671 2026 91 19 Etienne.
1774 2025 42 20 3-1;
1830 2026 42 16 Red
1880 2025 134 18 Star-Reims,
2025 2025 39 20 l-O;
2079 2026 90 16 Rennes-

1671 2047 45 17 U.S.
1738 2047 66 19 Mans,
1829 2046 40 20 1-0;
1893 2045 210 21 Cuzères-Bordeaux.
2127 2046 42 18 3-2:

1672 2067 100 19 Alx-Nice,
1788 2067 41 20 1-1;
1843 2066 165 21 Nancy-BIenod,
2021 2067 70 20 remis;
2106 2067 64 18 Stade

1671 2088 164 20 Français-Lille,
1852 2088 41 17 2-3.

1694 2109 57 17 Deux
1783 2109 88 20 grandes
1902 2108 92 18 victimes
2005 2112 5 14 :
2046 2108 124 20 l'ExcelsIor.

1671 2130 112 19 vainqueur
1797 2129 26 17 de
1836 2129 21 17 la
1870 2130 68 19 Coupe
1951 2133 27 14 en
1993 2130 50 19 1933,
2059 2131 21 16 et
2094 2130 74 17 Reims.

1744 2157 117 26 Gaston
1879 2158 98 30 Rebry
1996 2157 100 26 arrêté

1694 2193 79 17 Gaston
1807 2193 73 20 Rebry,
1914 2193 113 19 vainqueur
2060 2193 26 17 de
2119 2193 51 17 trois

1673 2220 9 9 «
1691 2214 160 17 Paris-Roubaix
1859 2220 9 10 »
1883 2216 21 15 et
1919 2214 25 17 de
1959 2214 100 20 plusieurs
2075 2215 95 19 épreuve.-,

1673 2235 114 19 classiques,
1803 2239 13 13 a
1832 2234 33 18 été
1880 2235 109 20 Incarcéré,
2005 2239 36 13 sur
2056 2236 73 16 l'ordre
2145 2235 26 17 de

1671 2256 120 17 l'auditorat
1809 2256 103 19 milftaire.
1932 2260 27 13 au
1979 2260 59 16 camp
2057 2257 102 17 d'interne-

1671 2278 56 16 ment
1743 2277 36 17 des
1797 2283 9 9 «
1815 2277 83 20 Vikings
1907 2283 16 14 »,
1941 2278 12 17 à
1970 2278 102 17 Courtrai.
2091 2286 23 4 —
2133 2278 14 17 I.

1725 2305 191 26 Senfftleben
1934 2306 30 25 et
1984 2306 133 26 Chaillot

1829 2338 180 29 vainqueurs

1694 2375 57 18 Volet
1763 2375 30 18 les
1806 2376 97 17 résultats
1914 2376 27 18 de
1954 2376 20 17 la
1985 2376 87 19 réunion
2085 2377 28 18 du
2126 2377 42 18 Vél*

1672 2397 65 17 d'Hiv'
1753 2397 91 20 parisien
1853 2400 6 14 :

1694 2418 111 17 Critérium
1826 2419 26 17 de
1874 2419 110 18 l'Omnium
1994 2423 6 14 :
2023 2421 17 17 1.
2060 2420 107 21 Blanchet,

1673 2440 10 16 3
1698 2441 41 18 pts:
1756 2440 17 17 2.
1788 2440 28 17 Le
1828 2440 85 21 Bouich,
1927 2441 12 17 7
1951 2443 43 18 pts;
2010 2442 17 18 3.
2043 2442 46 20 Guy
2102 2443 55 19 Lapé-

1673 2461 37 18 bie.
1726 2461 12 18 9
1753 2465 21 16 p.

1694 2482 77 16 Vitesse
1782 2485 5 13 :
1807 2483 17 17 I.
1841 2482 138 22 Senfftleben;
1998 2485 18 17 2.
2035 2485 96 21 Dousset;
2151 2487 18 16 3.

1672 2503 106 18 Coutenet.

1694 2525 120 17 Demi-fond
1823 2529 6 13 :
1848 2526 17 16 1.
1883 2526 95 20 Chaillot.
1996 2527 29 17 les
2043 2528 23 17 50
2083 2529 41 17 km.
2142 2533 25 13 en

1672 2546 27 17 43'
1714 2546 37 17 26"
1765 2547 42 18 2/5;
1823 2547 18 16 2.
1855 2547 91 20 Louviot.
1960 2549 13 17 à
1987 2549 23 17 60
2023 2553 36 17 m.;
2074 2551 18 17 3.
2106 2551 61 17 Lam-

1672 2567 65 20 boley;
1754 2568 17 16 4.
1786 2568 102 21 Menardi;
1904 2570 18 17 5.
1936 2570 84 19 Besson.

1720 2598 58 33 Les
1797 2599 167 34 nouvelles
1979 2601 143 33 -diverses

1672 2639 15 15 •
1690 2646 25 4 —
1714 2638 27 16 Ce
1759 2639 97 17 vendredi
1874 2642 75 16 auront
1967 2641 40 18 lieu
2026 2646 26 13 au
2071 2646 98 17 gymnase

1668 2657 26 18 de
1708 2658 94 18 l'avenue
1816 2661 26 16 G.
1857 2661 45 17 Van
1918 2662 83 20 Haelen,
2017 2663 13 17 à
2045 2664 78 18 Forest.
2139 2664 30 17 les

1668 2680 93 16 matehes
1776 2680 25 17 de
1815 2681 125 18 basket-ball
1954 2683 123 18 ci-dessous:
2087 2685 21 17 18
2117 2685 19 17 h.
2147 2686 22 16 15

1669 2699 67 17 Union
1750 2701 23 16 St
1775 2702 69 17 -GUI.-
1845 2703 90 17 Amicale
1947 2704 94 19 Sportive
2058 2706 109 19 'scolair.l;

1669 2720 22 16 19
1699 2720 19 17 h.
1730 2724 6 14 :
1755 2722 63 17 Fresh
1838 2723 36 17 Air
1892 2736 10 4 _
1921 2725 81 17 Laeken
2021 2726 77 18 Tennis
2116 2727 52 17 Club

1671 2741 118 21 (Challenge
1810 2743 26 17 de
1856 2744 120 20 l'Entente).

1719 2777 173 38 Courses
1910 2781 24 34 à
1953 2782 165 35 Dilbeek

1742 2820 57 18 JEUDI
1815 2823 12 15 8
1843 2823 91 18 FEVRIER,
1949 2824 13 16 A
1978 2825 21 16 13
2016 2825 78 17 HEURES

1669 2847 8 16 l
1681 2849 8 9 r
1690 2850 9 8 *
1707 2852 62 14 murse:
1781 2850 81 18 Beaisart.
1880 2852 31 15 Ben
1929 2852 37 18 Hor.
1985 2853 47 17 Black
2049 2855 43 16 Star.

1668 2868 21 16 2*
1701 2874 54 12 ctiurse
1764 2874 6 13 :
1783 2871 69 18 Prgasse,
1872 2872 31 19 Roy
1919 2873 20 16 do
1956 2874 45 17 Mont
2018 2876 18 20 C,
2053 2876 74 17 Queenie.

1667 2890 22 16 3°
1701 2895 53 12 rourse
1763 2895 6 13 :
1781 2891 61 19 Vision.
1862 2893 84 19 Antigone.
1965 2895 59 17 Artois.

1667 2911 21 15 4«
1700 2916 54 12 course
1763 2916 5 13 :
1780 2912 61 19 Taffia.
1860 2914 67 19 Aaroon.
1947 2916 88 18 Uronsides.

1666 2932 11 16 5
1678 2934 9 9 e
1700 2937 54 12 course
1763 2937 5 12 :
1780 2934 67 18 Raiioli,
1868 2935 71 17 Qiassia.
1959 2937 39 17 Venl
2017 2938 52 17 Stella

1667 2953 20 16 6»
1699 2957 54 13 t-ourse
1762 2958 6 13 :
1780 2954 34 17 Van
1834 2956 48 18 Vllet,
1905 2957 99 19 Unierwood.
2025 2959 57 18 Vassal

2200 71 70 20 HnltriiT
2286 69 101 20 UlUEaMME
2420 68 60 17 LUNDI
2499 68 21 16 VI
2537 67 62 20 FfVR.,
2615 70 9 16 i
2641 73 19 17 M
2675 76 9 10 ■.

2199 93 118 35 GALERIE
2339 90 138 35 MODERNE
2502 79 196 54 *&£,%**

2200 141 64 16 vrNTE
2286 138 129 18 CATAL0CUEE
2426 140 5 14 :
2452 135 60 20 MmM.
2534 140 30 12 »"'
2567 148 10 5 ■■
2598 136 32 18 'M.
2651 138 40 20 #trl

2199 163 65 19 l.irr.].,
2278 165 27 15 anc
2314 173 4 6 .
2334 161 81 17 ul/l.aui.
2430 158 50 21 Ul>la,
2493 158 31 17 H*.
2540 156 56 19 *""■
2608 160 4 12 '■
2626 160 38 16 •***■
2676 161 21 20 M

2198 187 14 13 -t
2229 183 37 18 dlm,
2287 183 18 17 11
2323 182 37 17 litt.
2378 181 73 18 ratai'*,
2467 184 26 12 .m
2508 178 82 18 ttmtnA*.
2611 181 3 9 '
2623 179 18 15 '.'i
2654 181 42 21 I1444

2786 92 13 11 .

2199 218 19 15 Kl
2239 217 19 16 île
2272 217 58 16 l'InaJ-K
2353 215 17 16 E.
2386 214 34 16 Van
2436 213 57 16 Honn.
2510 211 38 18 120.
2563 215 13 12 t.
2592 211 68 19 llra'M,
2672 214 25 19 «,.

2330 236 80 17 VKNTK
2424 233 147 19 JUDICMIHK

2223 259 14 17 Il
2255 263 35 13 vis
2308 257 64 20 i.n.eltll.
2398 257 14 16 le
2428 253 74 19 vtndrcdl
2518 254 12 16 I»
2547 253 45 18 !»»'.,
2610 256 9 13 a
2639 253 18 18 11
2676 255 23 21 h.,

2198 281 25 16 ch.
2239 281 19 16 rie
2273 278 85 20 Ho»ndMJ,
2376 278 39 18 :H3.
2433 281 9 12 a
2459 277 64 17 Itelle»,
2540 275 10 16 k
2566 276 16 15 I»
2597 275 45 16 ttnU
2658 274 41 20 JuM,

2197 303 19 16 ll.
2229 303 50 15 lt*aua
2293 301 58 16 mi-illil.
2360 301 39 15 aala.
2408 299 23 16 Ail
2443 299 65 17 tumiit..
2518 301 37 12 »»ni
2564 295 46 17 liai..
2622 295 79 20 I.VliflSQ

2198 336 19 16 Kl
2238 336 19 15 il»
2271 334 25 16 »*
2310 333 41 16 Vlel.
2365 331 71 18 St.raka.
2450 331 27 16 Iml
2487 334 20 15 ...
2521 329 29 18 20.
2559 332 13 13 t.
2582 329 79 18 Ilr.lilf'.
2675 329 24 18 I*.

2198 356 64 18 ÏEKTE
2279 354 97 18 rUBLIOUE
2392 353 24 17 FT
2431 351 75 18 FORCEE
2521 351 46 17 DDK
2581 350 119 18 SOH'IUEUX

2199 377 103 16 MOnlIIFK.
2324 374 109 19 TEHTURCS,
2456 371 95 18 RIDEAUX.
2572 370 64 19 TAPIS,
2656 372 44 18 ,,,...

2222 401 14 16 II
2251 403 34 13 «tr»
2300 395 70 23 pnréVU,
2386 397 14 16 I»
2415 395 50 17 mardi
2483 395 21 15 P»
2518 393 46 17 <•"..
2579 399 9 10 »
2605 393 20 16 H
2640 394 17 15 1=
2672 394 29 19 M.

2197 427 5 10 ■
2206 427 10 11 n
2234 422 16 16 la
2267 419 87 18 GALERIE
2372 417 86 18 ATHEKA.
2476 416 22 16 A*
2509 415 28 18 48.
2556 419 7 12 r
2587 415 20 15 nv
2624 415 76 21 Kla-art,

2197 443 10 17 à
2226 443 41 17 Ixrll
2276 454 4 6 ,
2299 440 10 18 k
2327 442 17 16 la
2362 441 45 15 .mt*
2425 438 44 20 pnl'l.
2488 438 39 15 tl'tttt
2544 437 57 18 tompt.
2622 435 78 19 mobilier,

2198 467 22 15 AU
2234 465 58 17 romlit.
2306 462 22 17 20
2343 462 19 18 %
2377 465 38 15 l«wr
2429 460 46 17 Irai».
2491 458 38 18 Eap.
2541 461 5 13 :
2561 458 44 16 I1111HI
2622 457 20 16 12
2655 455 46 22 th,..

2197 487 19 16 il»
2230 486 19 17 M
2258 485 10 16 à
2278 484 20 17 17
2310 485 11 15 h
2332 488 4 4 •
2345 483 50 16 ma/'ll
2409 482 20 16 13
2443 480 45 20 1ht..
2501 481 20 15 tle
2534 479 21 17 10
2563 479 9 16 à
2583 479 20 16 12
2616 479 16 15 h.
2644 478 57 18 11(768

2201 538 121 34 OBJETS
2337 536 96 32 PERD.

2199 599 90 19 PERDU,
2319 601 45 14 env.
2386 595 50 18 Grd'

2197 622 66 18 Place,
2278 620 69 20 regist.
2361 617 76 19 compt.

2198 645 51 19 Rap.
2270 646 17 13 c.
2309 642 18 16 b.
2349 640 86 18 récomp.

2198 666 28 18 30,
2247 665 35 16 Av.
2304 661 89 19 Hamoir.
2413 659 23 18 T.

2198 686 89 17 44.89.81.
2351 681 84 19 (H15251

2205 719 88 16 I.K.VSI)
2318 714 111 20 CANICHE

2197 742 52 17 noir.
2264 739 58 19 maie.
2336 741 20 14 n.
2371 735 64 18 tondu

2197 762 63 21 perdu
2276 761 10 17 3
2302 760 51 17 ferr.
2368 758 57 17 Etter-

2197 783 56 18 beek.
2278 782 42 17 Tel.
2345 778 91 20 34.09.28.

2197 806 49 16 Bon.
2260 806 87 17 recomp.
2364 800 70 19 (B2571

2198 839 64 18 Rapp.
2284 837 22 16 58
2328 838 58 14 aven,
2408 833 27 17 du

2198 858 105 17 Panthéon
2325 858 43 15 ctre
2388 855 47 17 bon.

2197 882 94 16 recomp.,
2312 878 82 19 papiers
2413 878 22 14 et

2198 902 79 14 lrou.s6C
2337 896 98 18 médicale

2197 923 82 14 trouves
2302 918 53 17 dans
2379 918 55 17 auto,

2197 940 64 19 lundi,
2278 940 21 16 19
2315 939 20 16 h.
2350 938 27 20 pl.
2393 938 41 16 8t.-

2195 961 62 20 Géry,
2272 961 66 16 Discr.
2352 959 82 19 garant.

2364 978 71 17 (B2653

2198 1015 35 16 500
2258 1014 39 15 FB.
2323 1010 111 18 RECOMP.

2197 1037 12 16 à
2223 1039 19 15 q.
2258 1037 58 16 rapp.
2332 1036 26 12 un
2374 1031 61 20 Jeune

2198 1056 96 17 Malinois
2320 1053 41 20 rép.
2387 1054 47 13 nom

2195 1077 75 19 Tourd.
2288 1075 29 19 73.
2335 1077 36 14 rue
2389 1071 45 18 Bel-

2196 1098 60 17 llard.
2280 1097 29 16 73.
2394 1093 39 17 'Ml

2197 1131 63 16 Perdu
2273 1131 44 17 bag.
2331 1128 27 19 h.,
2370 1130 23 13 or
2404 1129 30 16 gr.

2195 1156 24 15 gr
2239 1152 38 16 int.
2290 1150 70 19 Lyline
2373 1148 13 16 à
2400 1146 34 17 Pol

2195 1174 17 16 le
2233 1167 202 22 16-1-3-2-5-12-1943

2196 1194 50 17 Prév
2272 1196 18 14 c.
2310 1191 19 17 b.
2349 1193 39 14 rec.
2409 1191 25 14 en

2195 1215 40 17 écr.
2252 1214 24 17 D.
2293 1212 18 17 H
2335 1215 20 13 n.
2372 1208 63 18 B2518

2198 1262 79 33 EMP.
2284 1257 149 36 OFFERTS

2197 1323 60 17 BEM.
2275 1321 72 17 secret,
2365 1319 69 15 steno-

2196 1345 54 17 dact.
2265 1343 26 16 fr.
2306 1341 23 17 fl.
2343 1340 45 16 Ecr.
2402 1341 32 14 av.

2197 1366 52 20 prêt,
2273 1364 22 17 et
2318 1361 63 18 référ.
2404 1359 30 18 41,

2196 1391 36 13 rue
2246 1385 24 17 de
2284 1385 107 17 Livourne.
2405 1380 29 18 41.

2196 1406 110 19 Bruxelles.
2393 1404 5 15 <
2402 1401 32 17 M1

2196 1438 131 19 DEI.EUL'ES
2342 1437 53 15 dem.
2412 1435 22 18 P'

2195 1464 69 17 grosse
2282 1458 38 17 aff.
2337 1457 25 16 de
2378 1456 46 16 loca-

2196 1484 50 15 tion.
2259 1481 26 16 Sc
2300 1481 53 18 près,
2368 1476 66 17 matin

2195 1504 23 16 27
2243 1505 36 14 rue
2299 1498 63 20 Royal
2362 1501 19 12 e.
2393 1497 28 16 (M
2423 1497 11 15 5

2196 1532 130 19 LIBRAIRIE
2343 1530 53 17 dem.
2414 1527 20 17 b.

2194 1555 58 18 eiém.
2274 1556 26 14 au
2324 1552 27 16 ct.
2374 1550 60 16 vente

2195 1577 34 17 11b.
2246 1575 35 16 ait.
2297 1573 54 16 d'av.
2367 1574 25 16 pr
2408 1569 25 18 él.

2196 1597 61 17 intér.
2277 1595 44 16 Ecr.
2343 1594 15 15 t.
2379 1594 55 14 rens.

2195 1619 61 16 Dern.
2274 1616 40 17 Hre
2332 1618 20 12 n.
2371 1612 63 17 B2562

2207 1649 76 19 GARÇ.
2308 1644 114 20 COURSES

2194 1672 32 17 est
2242 1670 59 17 dem.»
2319 1667 55 17 15-16
2389 1667 44 16 an«.

2195 1692 56 17 sach.
2269 1689 67 18 rouler
2353 1688 12 16 k
2383 1686 50 17 vélo.

2195 1714 52 16 Libr.
2262 1710 65 20 Pauli.
2340 1709 29 18 24.
2383 1706 50 18 Grd*

2194 1734 66 17 Place.
2279 1732 62 17 Brux.
2362 1728 72 17 iB2562

2195 1765 60 18 DEM.
2277 1764 81 17 homme
2378 1760 56 18 conf.

2195 1791 23 17 pr
2239 1786 53 16 faire
2311 1786 82 14 courses
2412 1782 22 16 et

2195 1807 40 18 aid.
2257 1808 78 17 magas.
2355 1804 26 16 Se
2402 1805 31 17 pr.

2195 1829 87 18 Viiegen,
2303 1826 28 18 24,
2351 1828 17 13 r.
2389 1825 44 15 Ma-

2193 1847 145 23 gasin,14-17h.
2363 1845 70 16 IB2273

2194 1882 62 17 DEM.
2271 1880 79 17 mécan.
2363 1879 22 16 et
2400 1877 34 18 1/2

2195 1903 78 17 mécan.
2299 1899 83 21 spécial,
2407 1901 27 14 en

2195 1923 66 18 mach.
2277 1922 12 18 à
2304 1922 42 17 écr.
2360 1921 26 16 8c
2402 1922 31 18 pr.

2194 1944 128 19 Portelange,
2346 1942 28 19 50,
2397 1944 36 15 rue

2194 1967 35 16 des
2243 1965 101 18 Colonies.
2362 1962 72 17 (B253«

2462 530 236 35 EMP.0FFERTS

2470 594 80 17 FIRME
2583 590 106 20 IMPORT.

2464 617 52 16 dem,
2538 613 145 18 manutention-

2459 637 75 17 naire*.
2546 635 55 17 S'ad.
2614 635 40 18 206.
2667 638 33 14 av.

2457 658 19 18 J.
2493 658 101 18 Dubrucq.
2615 655 85 17 IH15004

2459 691 66 17 Firme
2542 690 48 19 Imp.
2607 689 19 17 d.
2644 691 55 17 garç.

2459 713 24 17 de
2503 715 88 15 courses,
2614 710 20 16 18
2654 713 45 16 arm,

2458 735 20 17 fr
2486 734 27 17 -fl
2535 732 67 18 S'adr.
2617 731 40 18 20C.
2667 734 32 14 av.

2457 756 12 17 J
2492 756 95 17 Dubrucq
2614 752 86 17 'I1I5004

2464 789 66 17 BONS
2555 784 138 19 EBENISTES

2457 813 21 15 et
2504 809 33 19 1/2
2560 805 140 19 EBENISTES

2469 831 89 18 sachant
2602 827 86 23 plaqués

2458 855 47 15 sont
2525 853 52 16 dem.
2598 849 41 19 255.
2662 851 37 14 rue

2457 874 80 20 Rogler.
2561 872 55 17 Brux
2651 869 48 17 'P39

2457 905 131 17 APPRENEZ
2607 909 11 11 a
2638 904 59 18 ding.

2457 928 26 15 ch
2511 930 22 12 vs
2552 927 32 14 vie
2605 929 19 15 p.
2644 926 54 16 eorr,

2458 950 38 16 par
2515 946 34 16 tél.
2569 947 35 17 P*-«-
2624 946 12 13 a
2656 946 43 15 pte.

2457 968 18 15 D
2500 970 16 13 r.
2534 969 30 15 gr.
2582 965 56 16 Busl.
2658 962 40 19 185,

2456 987 26 16 bd
2494 985 110 18 8t-M.chel
2627 988 4 8 '
2636 982 63 17 B2534

2458 1018 35 17 ON
2520 1016 124 18 DEMANDE
2671 1019 28 12 un

2475 1040 40 15 bon
2534 1035 147 19 demi-ouvrier

2460 1065 31 11 ma
2494 1061 26 14 tri
2523 1060 16 14 H
2542 1064 31 10 rn.
2602 1065 23 4 —
2654 1057 45 16 Eer.

2459 1082 60 16 Dern.
2542 1080 65 16 Heure
2628 1078 15 15 A
2648 1077 51 16 1130.

2458 1112 128 18 COIFFEUR
2602 1111 12 16 d

2628 1114 26 12 m.
2673 1111 26 16 tr.

2515 1131 100 18 salonnlei

2518 1155 32 16 1er
2569 1152 67 17 ordre.
2659 1151 39 19 158,

2458 1177 24 15 ■3.1:

2507 1176 25 15 de
2549 1174 59 16 Mons

2637 1171 60 18 B2484

2458 1208 35 16 ON

2528 1206 62 16 DEM.

2625 1204 74 19 gérant

2460 1228 89 18 coiffeur
2575 1230 40 16 cap

2624 1226 24 15 .b.
2674 1225 18 19 8,

2458 1253 37 13 rue

2519 1248 73 17 Ernest

2620 1246 30 17 Sol
2653 1249 45 17 vay.

2457 1269 34 20 ia

2510 1269 51 17 11.34
2570 1268 29 16 40.

2627 1268 71 17 «B2463

2465 1300 120 20 COUTURE
2610 1299 81 17 JENNY

2459 1325 33 16 Ire
2513 1325 57 14 ouvr.
2591 1322 32 15 est
2645 1320 53 17 dem.

2458 1346 72 17 d'urg..
2550 1342 58 17 25-35
2628 1345 25 15 a.,
2671 1345 27 22 pr

2458 1367 39 16 dir.
2512 1364 48 17 atel.
2574 1363 23 17 B.
2611 1362 44 19 sal.,
2671 1360 26 21 fr.

2459 1387 22 17 fl.
2500 1394 10 5 -
2529 1385 38 17 Ch.
2586 1383 25 18 de
2629 1384 68 19 Gand.

2458 1409 29 18 99,
2511 1405 89 18 Molenb.
2626 1405 72 18 (B2476

2458 1440 62 17 DEM.
2539 1441 94 14 serveuse
2653 1438 43 18 déb.

2462 1462 10 16 4
2476 1462 34 17 l.r.
2511 1460 115 19 l'Epargne.
2638 1459 59 18 iBSOO

2458 1497 67 17 BONS
2561 1495 136 18 EBENISTES

2459 1519 47 17 sont
2530 1516 118 18 demandés.
2671 1517 25 17 Se

2459 1539 107 20 présenter
2592 1537 41 19 255,
2660 1541 36 14 rue

2459 1559 79 20 Rogier.
2558 1558 61 16 Brux.
2650 1559 45 16 IP39

2457 1590 128 18 Teinturerie
2607 1590 21 18 E.
2650 1590 45 18 Fia-

2458 1613 64 18 ment,
2547 1615 17 13 r.
2590 1611 104 22 N.-Dame,

2457 1634 66 18 Mons,
2542 1632 53 17 dem.
2614 1633 31 18 Ire
2663 1637 21 14 re-

2457 1657 96 18 passeuse
2571 1654 56 17 sach.
2646 1654 40 21 plis-

2458 1679 32 13 ser
2506 1676 21 16 et
2544 1674 53 18 faire
2611 1674 18 18 le
2645 1675 49 19 flou.

2457 1697 43 17 Bon
2521 1696 82 18 salaire.
2625 1696 69 20 (A138S

2457 1728 114 20 Chapelier,
2592 1728 50 18 dem.
2663 1730 32 17 1er

2457 1750 60 17 vend.
2532 1749 54 21 parf.
2600 1753 25 13 au
2640 1754 53 15 cour,

2456 1771 28 17 du
2506 1774 44 16 ray.
2573 1771 80 17 tailleur
2673 1773 19 16 et

2456 1792 130 20 chapellerie.
2607 1801 22 4 —
2650 1793 43 18 Ecr.

2457 1814 62 16 Dern.
2540 1813 66 17 Heure
2625 1814 67 19 B2412.

2193 1999 34 17 ON
2246 1997 62 18 DEM.
2325 1994 97 18 MECANI-

2193 2019 73 17 CIENS
2283 2017 96 21 qualifiés
2395 2019 27 14 au-

2194 2040 101 18 tomobile.
2311 2039 30 20 49,
2357 2042 36 12 rue
2409 2037 24 17 de

2193 2062 93 17 l'Orient.
2348 2058 84 17 (H15241

2237 2092 152 18 IMPORTANT

2193 2115 52 18 Atel.
2260 2115 42 19 rép.
2319 2114 43 16 aut.
2379 2114 53 15 trav.

2193 2140 24 16 pr
2236 2137 67 15 autor.
2324 2134 56 20 angl.
2400 2133 31 17 ch.

2193 2158 51 16 bons
2268 2156 98 17 mécanic.
2392 2154 40 18 118.

2192 2182 33 14 av.
2242 2178 27 17 du
2286 2177 55 17 Port.
2361 2175 72 17 (A1465

2192 2210 144 18 Mécaniciens,
2356 2208 78 19 tôliers,

2218 2230 190 21 peintres-garniss.

2193 2254 47 15 sont
2259 2252 52 17 dem.
2331 2255 38 16 par
2388 2253 44 18 gar.

2194 2275 52 15 trav.
2272 2277 24 16 pr
2320 2272 29 17 les
2374 2271 58 20 An-gl.

2194 2295 51 18 1072.
2262 2295 33 16 ch.
2312 2294 26 17 de
2352 2294 79 17 Wavre,

2192 2316 135 19 Auderghem.
2361 2314 72 17 (A1457

2194 2348 110 17 CI1ERCH.
2329 2347 103 17 ébénistes

2193 2369 88 17 sachant
2304 2368 85 21 plaquer
2410 2370 22 15 et

2194 2390 33 20 1/3
2245 2389 109 18 ébénistes.
2373 2398 10 4 -
2401 2389 31 22 89.

2193 2415 36 13 rue
2264 2411 24 17 de
2324 2411 97 17 l'Instruc-

2193 2433 50 18 tion.
2268 2433 28 16 80.
2390 2432 41 16 (Ml

2222 2465 36 16 ON
2277 2465 124 16 DEMANDE

2192 2486 52 16 bons
2265 2485 102 18 ébénistes
2386 2485 46 20 pla-

2193 2510 75 16 queurs
2288 2508 21 15 et
2331 2507 33 18 1/2
2384 2506 37 17 ébé-

2193 2528 71 16 nistes.
2289 2527 29 19 97,
2344 2531 37 13 rue
2407 2527 25 18 de

2194 2549 97 18 Brabant.
2312 2548 30 18 97.
2389 2549 40 15 iMl

2228 2580 168 17 AUTOMOBILE

2191 2601 33 17 On
2237 2601 53 17 dem.
2305 2601 40 17 bon
2360 2604 61 16 maga-

2192 2623 64 16 sinier
2276 2622 51 20 piéc.
2349 2622 82 17 détach.

2193 2644 44 16 Ecr.
2252 2643 20 17 J.
2286 2644 26 16 D.
2326 2643 53 20 3265,
2395 2643 36 19 Ag.

2192 2664 78 17 Rossel.
2400 2666 29 14 :.::

1748 3020 48 31 Le
1812 3024 274 38 bourgmestre

1689 3067 47 28 de
1747 3064 182 34 Courtrai
1941 3076 199 31 suspendu

1690 3134 27 16 M.
1733 3135 90 20 Majeur,
1839 3137 140 21 bourgmestre
1993 3140 25 18 de
2032 3142 97 19 Courtrai
2151 3149 13 13 a

1666 3156 32 16 été
1718 3158 103 18 suspendu
1840 3159 26 17 de
1885 3164 33 13 ses
1937 3161 105 19 fonctions
2062 3168 52 16 pour
2134 3169 28 14 un

1668 3178 63 16 terme
1747 3179 25 16 de
1787 3179 54 18 deux
1857 3181 58 19 mois,
1934 3186 39 16 par
1989 3185 28 16 M.
2034 3186 122 19 d'Ydewalle

1666 3201 126 16 gouverneur
1810 3201 27 17 de
1855 3202 20 18 la
1893 3203 89 20 Flandre
2000 3206 133 20 Occidentale
2158 3200 4 8 '

1689 3221 28 15 La
1734 3222 97 17 minorité
1848 3224 197 21 socialiste-libérale
2063 3230 28 17 du
2109 3231 42 17 Con-

1666 3242 36 15 seil
1723 3243 116 18 communal
1859 3247 117 19 reprochait
1996 3249 13 18 à
2028 3250 28 17 M.
2077 3252 86 17 Maveur

1667 3262 13 16 d
1688 3266 62 17 avoir,
1777 3268 48 15 sous
1849 3266 143 24 l'occupation,
2020 3272 65 18 choisi
2112 3277 52 16 pour

1666 3285 95 18 parrains
1775 3286 36 18 des
1824 3290 62 17 ponts
1897 3290 26 17 de
1937 3291 21 17 la
1971 3292 45 20 Lys.
2030 3293 12 17 à
2058 3295 96 18 Courtrai

1666 3305 53 17 deux
1732 3307 93 18 officiers
1839 3309 113 21 allemands
2058 3301 103 15 courtrai,

1695 3374 47 42 On
1758 3388 157 34 annonce
1932 3381 34 42 la
1984 3386 88 39 mort
2088 3386 45 42 de

1685 3450 38 17 Mm
1724 3452 70 28 \,.T'!
1815 3454 36 16 Jos
1852 3455 40 19 *Ph
1915 3457 224 20 SWARTENBROFKS

1688 3475 28 13 n=e
1735 3473 232 23 Vactcnne-Hcrt.nst-Scphir
1986 3479 20 17 ie
2026 3480 115 18 BRAUWERE.

1688 3505 76 25 jnnenue
1776 3502 11 16 à
1800 3503 98 20 Gartsboren.
1912 3505 11 17 à
1936 3505 43 22 l'An
1992 3508 20 17 de
2026 3508 22 17 72
2064 3514 36 13 ans.
2114 3509 29 18 \M

1688 3523 53 16 rimer.
1756 3524 56 17 cirOe
1827 3527 29 15 ont
1872 3530 19 13 ea
1906 3527 34 17 lieu
1956 3529 41 16 dans
2012 3530 94 18 l'Intimité.
2121 3532 22 16 Le

1689 3545 62 16 ITe-cnt
1765 3546 34 15 avis
1811 3546 44 17 tient
1862 3547 40 17 -lieu
1915 3549 20 16 de
1947 3550 93 19 faïre-ptrt.

1712 3565 97 20 Ganshoren.
1822 3567 30 19 36,
1860 3572 25 14 av.
1899 3570 20 16 de
1932 3571 18 16 la
1957 3571 116 18 Constitu;ion.
2084 3573 70 19 (D5308

1709 3611 103 17 -Monsieur
1833 3614 170 20 Camille-Lucien
2024 3619 96 18 FrRLOT

1746 3632 83 18 CKevalier
1848 3635 19 17 it
1887 3636 61 18 l'Ortre
1968 3638 19 17 it
2008 3639 73 20 Léopold,

1713 3653 75 18 Meii'Me
1806 3655 83 21 nliitairt,
1907 3658 47 17 Croix
1970 3659 19 17 it
2006 3661 63 19 Gattr»,
2085 3662 32 17 ete.

1711 3682 23 16 Oe
1745 3682 18 17 la
1775 3685 37 17 part
1825 3685 20 16 de
1856 3685 19 16 la
1887 3686 72 18 FYatern.
1973 3688 21 16 du
2009 3689 32 16 14»
2053 3690 20 16 de
2085 3690 56 19 Llcne.

1712 3703 72 17 Keunion
1796 3704 11 16 à
1818 3705 18 17 la
1849 3708 53 17 mort.,
1915 3708 43 18 jeudi
1971 3709 38 18 8-2.
2023 3709 10 17 à
2047 3711 22 16 10
2081 3712 11 16 h
2112 3712 23 16 30

1688 3723 17 17 8.
1722 3728 27 12 rue
1765 3726 75 19 François
1855 3728 89 20 Beekman.
1960 3731 96 20 Koekelberg
2074 3733 68 16 favenne

1687 3745 134 21 Charles-Quint)
1825 3760 6 5 .
2072 3755 6 8 /
2082 3754 59 17 1)5312

1713 3791 97 19 Madame
1831 3794 67 17 Vecve
1920 3797 73 16 Lucien
2015 3798 95 20 PESSER

1791 3817 29 17 née
1840 3818 58 17 Bertna
1917 3819 94 20 TRINART,

1711 3844 29 17 Les
1755 3845 54 19 otwèq.
1825 3849 57 15 auront
1898 3848 33 16 lieu
1946 3849 16 16 le
1976 3850 74 16 vendredi
2066 3850 11 17 9
2094 3850 46 19 févr.,

1685 3869 10 11 ii
1715 3865 22 16 10
1754 3866 25 19 h.,
1798 3871 20 13 en
1836 3868 64 19 l'église
1919 3870 86 17 d'Helmet.
2025 3871 49 17 Itùun.
2094 3871 10 17 à
2123 3872 19 17 la

1686 3887 91 19 mortuaire,
1796 3887 11 17 à
1825 3889 11 16 9
1855 3890 16 16 h.
1892 3890 29 19 30,
1940 3891 29 20 23,
1988 3896 57 15 square
2065 3894 76 18 François

1687 3907 40 19 Kiga
1745 3907 17 22 ,à
1779 3909 104 19 Schaerbeek.
2071 3915 70 18 (1)5309

1711 3955 33 17 l'ne
1764 3960 49 14 messe
1831 3958 81 17 annirers.
1932 3964 36 12 sera
1988 3960 58 18 ctlibr.
2066 3962 17 16 le
2102 3966 29 12 ven-

1685 3976 43 16 dredi
1742 3977 11 16 9
1767 3977 46 19 févr.,
1828 3978 10 16 à
1851 3979 11 16 8
1875 3980 24 17 h.,
1913 3984 19 12 en
1945 3980 64 19 l'église
2020 3982 119 20 fUe-ficrtnide,

1686 3998 45 17 l'iace
1743 3998 35 17 Van
1790 3999 57 20 Meyel,
1860 3999 10 18 à
1881 4001 90 20 Etterbeek,
1984 4002 11 16 à
2006 4003 17 16 la
2035 4003 74 18 mémoire
2121 4005 20 16 de

1705 4025 105 18 Monsieur
1835 4027 86 19 Charles
1945 4029 170 20 CHRISTIAENS

1709 4054 21 16 Le
1746 4054 63 19 présent
1825 4056 34 16 avis
1873 4056 43 18 tient
1930 4058 34 16 lieu
1978 4059 20 15 do
2013 4059 42 17 faire
2070 4060 45 18 part.

1709 4075 90 20 Ktterbeek,
1814 4077 30 19 36,
1860 4082 28 13 nie
1904 4079 21 16 du
1941 4079 72 18 Clocher.
2057 4081 82 19 (1115261

2192 2696 66 17 Firme
2273 2697 82 19 import,
2371 2697 25 17 de
2411 2698 20 16 la

2191 2717 27 20 pl.
2242 2718 52 17 dem.
2319 2718 112 17 facturlère

2191 2739 91 19 capable.
2296 2739 49 18 Déb.
2360 2739 71 18 s'abst.

2191 2759 69 17 Ecrire
2279 2760 22 17 A.
2322 2760 21 17 E.
2364 2760 11 17 2
2394 2761 36 19 Ag.

2190 2780 76 18 Havas.
2346 2782 85 16 IH15004

2456 1844 64 18 CAFE
2536 1845 52 18 dem.
2603 1845 19 17 b.
2637 1850 43 17 pom-

2457 1867 44 20 pier
2525 1869 54 14 max.
2603 1867 22 17 40
2648 1872 44 15 ana.

2457 1887 67 20 Belge,
2545 1890 28 14 au
2591 1889 27 19 ct,
2637 1888 53 22 hon.,

2457 1909 39 17 sér.
2517 1908 44 17 Bon
2581 1909 35 18 aal.
2636 1910 47 19 Prés

2457 1933 32 14 av.
2515 1929 39 17 réf.
2578 1930 52 19 n-13
2652 1932 20 18 h.
2681 1936 6 15 :

2456 1952 31 16 LA
2506 1951 125 22 CAPITALE,
2650 1954 37 20 103,

2456 1972 29 17 Bd
2495 1972 99 19 Anspach.
2644 1975 43 19 ,P3g

2487 2004 35 17 ON
2543 2004 118 19 DEMANDE

2456 2026 52 16 bons
2533 2025 101 18 ébénistes
2657 2031 23 14 sa-

2457 2047 67 17 chant
2547 2046 90 21 plaquer.
2662 2049 27 20 89,

2455 2072 18 14 r.
2498 2068 25 18 de
2547 2067 144 22 l'Instruction,

2456 2089 111 18 Bruxelles.
2653 2091 39 17 (Ml

2489 2121 35 18 ON
2539 2122 121 16 DEMANDE

2461 2143 67 17 BONS
2552 2143 133 17 EBENISTES

2455 2165 27 17 Se
2504 2163 107 21 présenter
2635 2167 6 13 :
2664 2165 28 18 97,

2456 2189 37 13 rue
2509 2185 25 17 de
2550 2185 99 19 Brabant,
2664 2185 29 20 97,

2455 2206 113 17 Bruxelles.
2662 2207 30 16 Ml

2728 2151 7 7 -

2456 2240 24 16 D.
2497 2242 101 15 serveuse,
2616 2239 28 18 30.
2662 2243 31 15 av.

2455 2260 121 17 Boulevard.
2625 2264 3 10 i
2634 2260 59 18 B2229

2456 2294 23 16 B.
2501 2293 76 16 OUVR.
2599 2293 54 19 quai,
2672 2294 23 17 et

2456 2314 59 16 Aides
2535 2314 19 17 d.
2573 2313 121 21 Centradoc,

2453 2335 29 19 37,
2484 2335 147 18 r.H.Maus.Br.
2642 2335 52 18 IM15

2455 2368 63 17 DEM.
2541 2371 42 14 une
2598 2367 99 19 économe

2456 2389 38 17 int.
2507 2389 58 17 sach.
2578 2388 60 20 dirig.
2652 2389 33 17 cui-

2456 2411 50 16 sine.
2530 2410 45 17 Ecr.
2598 2410 53 20 prêt,
2673 2411 23 17 et

2456 2431 38 19 réf.
2515 2432 29 18 65,
2566 2435 18 13 r.
2607 2431 89 17 Antoine

2455 2453 93 17 Gautier.
2574 2453 41 16 Ett.
2654 2454 40 16 iMl

2455 2485 35 17 ON
2510 2485 63 16 DEM.
2592 2485 19 17 b.
2631 2486 53 16 musi-

2455 2506 56 17 ciens
2526 2509 25 16 pr
2565 2505 78 18 former
2658 2506 37 20 grd

2455 2527 105 17 orchestre
2590 2527 25 17 de
2643 2528 51 20 jazz.

2454 2549 46 16 Ecr.
2523 2549 80 18 Agence
2626 2549 69 18 Havas

2454 2573 21 13 n.
2494 2569 70 17 16.386.

2467 2602 68 16 BONS
2559 2602 123 18 MECANIC.

2455 2622 104 18 automob.
2584 2623 111 19 demandés

2454 2644 30 18 94,
2509 2647 37 13 rue
2568 2644 76 21 Joseph
2667 2646 26 18 n.

2456 2665 112 17 Bruxelles.
2608 2666 84 18 (HI5063

2454 2698 35 16 ON
2508 2698 62 16 DEM.
2588 2698 52 17 bons
2657 2703 26 13 ou-

2456 2719 65 17 vriers
2546 2719 100 19 mécanic.
2670 2721 23 17 et

2455 2740 70 17 electr.
2550 2741 81 17 Salaire
2655 2742 39 18 int.

2452 2761 68 17 S'adr.
2539 2762 39 19 150,
2596 2762 98 19 chaussée

2454 2782 100 17 d'Ixelles.
2607 2784 87 18 <R15012

2192 2813 123 17 ATELIERS
2343 2815 33 16 DE
2404 2814 214 20 CONSTRUCTIONS
2645 2818 36 17 ME-

2189 2834 147 20 TALLIQUES.
2364 2835 44 17 1000
2434 2836 33 16 m2
2500 2840 49 14 avec
2583 2838 111 19 nombreux

2187 2855 70 19 postes
2277 2855 26 17 de
2324 2856 89 17 soudure
2435 2858 21 16 et
2477 2858 99 20 outillage
2597 2860 96 18 moderne

2187 2875 101 18 demande
2303 2878 94 16 travaux.
2413 2877 28 21 19,
2456 2882 59 13 aven,
2530 2879 28 17 du
2571 2880 39 17 Roi
2623 2881 69 18 Albert

2188 2897 98 17 Berchem
2288 2898 45 16 -Ste
2335 2898 96 20 -Agathe.
2449 2899 42 18 Tél.
2511 2900 83 18 26.21.54
2623 2902 71 18 (B2627

2365 2931 152 18 IMPORTANT

2186 2949 33 17 On
2244 2950 52 18 dem.
2321 2951 96 18 JEUNES
2441 2953 87 18 DAMES
2552 2954 13 17 b
2596 2955 82 20 présent

2186 2970 56 21 hon..
2258 2971 46 20 sér,
2320 2976 26 12 en
2362 2973 59 17 relat.
2438 2977 49 14 avec
2504 2974 59 18 alliés
2578 2980 25 16 pr
2617 2978 75 17 vendre

2187 2992 58 19 poch.
2265 2993 49 16 soie.
2333 2994 56 16 Beau
2408 2994 62 18 bénéf
2495 3004 24 4 —
2536 2996 39 17 Ecr
2600 2998 17 17 H
2653 2999 31 17 105

2186 3016 37 13 rue
2239 3014 21 17 E.
2277 3014 56 19 Salu.
2350 3015 110 19 Bruxelles.
2621 3020 70 17 (B2617

2345 3047 122 19 INVALIDE
2488 3049 48 17 19-10

2186 3066 45 17 Une
2254 3066 59 20 place
2337 3068 111 18 d'huissier
2472 3072 31 15 est
2529 3073 88 16 vacante
2640 3073 52 18 dant

2187 3087 126 19 importante
2328 3089 61 17 firme
2404 3090 25 17 de
2444 3090 21 17 la
2480 3091 58 20 place
2560 3093 68 18 Ecrire
2643 3098 48 14 avec

2185 3107 58 18 détai
2242 3108 19 18 ls
2274 3110 21 16 et
2308 3109 117 19 références
2438 3113 55 16 Dern
2495 3127 4 3 .
2514 3114 67 17 Heure
2595 3118 20 13 n.
2629 3116 62 17 A1620

2186 3141 93 17 JEUNES
2303 3142 105 19 FEMMES
2431 3145 136 18 connaissant
2591 3140 101 27 parfaite^

2186 3163 57 15 ment
2259 3166 41 14 une
2316 3163 36 17 des
2368 3164 86 20 langues
2470 3166 107 18 suivantes
2593 3171 47 14 sont
2655 3170 26 16 de-

2186 3183 97 18 mandées
2310 3185 12 16 à
2348 3186 110 20 Bruxelles,
2485 3190 53 17 pour
2562 3189 79 17 l'effort
2666 3191 25 17 de

2185 3207 73 16 guerre
2278 3205 48 17 allié
2337 3210 5 13 :
2364 3206 88 21 suédois,
2473 3208 111 21 norvégien
2611 3211 79 20 danois,

2185 3228 54 17 grec,
2254 3226 46 17 turc
2301 3238 5 5 .
2320 3227 44 18 Ecr.
2379 3229 63 16 Dern.
2456 3229 68 18 Heure
2538 3234 27 13 au
2578 3235 15 13 n
2613 3233 17 16 A
2640 3233 42 17 1511

2292 3259 72 17 VILLE
2384 3261 33 16 DE
2436 3262 149 18 BRUX7-LLES

2209 3278 87 18 Réserve
2310 3280 25 16 de
2349 3283 139 16 recrutement
2501 3283 124 21 d'employés
2639 3286 40 17 tem-

2186 3303 98 16 poraires.
2298 3301 41 19 Age
2352 3302 109 18 minimum
2476 3305 21 16 18
2510 3308 45 15 ans.
2569 3307 121 18 Habitation

2185 3321 97 17 effective
2305 3322 53 17 dans
2380 3323 185 21 l'agglomération.
2578 3338 10 4 -
2611 3328 68 18 Traite-

2185 3343 58 16 ment
2253 3346 5 13 :
2278 3343 64 18 12.425
2359 3344 28 17 fr.
2407 3345 102 21 (-f-TOS&l
2528 3349 22 14 et
2567 3347 113 20 éventuelle-

2186 3364 56 15 ment
2259 3364 130 18 indemnités.
2406 3375 25 4 —
2446 3367 99 17 Adresser
2561 3369 100 18 demande
2676 3370 13 18 A

2185 3384 27 18 M.
2231 3384 20 17 le
2268 3385 151 20 Bourgmestre.
2620 3392 69 17 IAI509

2185 3417 75 17 PLEIN
2273 3418 107 18 CENTRE.
2395 3419 112 20 Disposons
2522 3421 25 17 de
2562 3422 71 17 locaux
2642 3428 48 13 avec

2185 3438 66 19 grand
2267 3439 76 19 porche
2358 3440 54 16 dans
2428 3444 37 14 rue
2481 3441 26 17 de
2522 3446 87 17 passage
2632 3444 46 17 Dési-

2185 3462 49 15 rons
2257 3463 53 13 nous
2334 3461 100 17 entendre
2465 3466 50 14 avec
2547 3463 61 18 firme
2639 3469 51 16 pour

2185 3480 99 20 exploiter
2308 3483 55 15 cette
2385 3482 109 19 situation.
2517 3493 25 4 —
2553 3485 60 18 Paire
2636 3487 54 17 offre

2185 3501 23 17 U.
2228 3501 47 17 2213
2295 3503 80 19 Agence
2394 3504 79 17 Rossel.
2649 3512 4 14 (
2656 3509 32 16 M1

2186 3533 156 18 IMPRIMERIE
2352 3527 336 33 :~bn~demandê~chef~expé-

2185 3554 87 17 rimenté
2293 3555 53 17 dans
2365 3556 137 20 l'impression
2521 3559 132 20 d'étiquettes
2677 3569 11 6 -

2185 3575 68 16 Ecrire
2271 3576 98 18 Dernière
2386 3578 68 17 Heure
2471 3583 27 13 au
2516 3583 21 13 n.
2555 3581 69 19 A1467.

2185 3607 180 19 LABORATOIRE
2401 3610 154 19 IMPORTANT
2589 3613 100 19 demande

2185 3629 125 19 magasinier
2329 3630 42 16 très
2390 3634 27 13 au
2435 3634 88 15 courant
2541 3633 36 17 des
2595 3635 92 19 produits

2184 3649 114 20 chimiques
2316 3651 21 16 et
2357 3651 199 22 pharmaceutiques,
2577 3656 56 16 muni
2652 3656 35 17 des

2185 3670 114 17 meilleures
2322 3671 121 20 références.
2466 3683 11 5 -
2500 3675 68 17 Ecrire
2592 3676 95 18 Dernière

2185 3691 66 17 Heure
2266 3695 27 13 au
2308 3696 22 13 n.
2344 3693 17 17 A
2377 3694 51 17 1467.

2184 3723 13 16 S
2199 3723 90 17 OCIÊTÉ
2305 3725 198 20 D'ENTREPRISES
2519 3729 87 19 SETRA,
2621 3730 40 19 342,
2669 3733 18 15 r.

2184 3744 82 19 Royale,
2285 3745 110 19 demande:
2414 3748 136 17 conducteurs
2575 3750 111 20 pointeurs,

2184 3765 148 21 charpentiers,
2352 3768 127 20 menuisiers,
2497 3765 124 22 bétorineurs
2645 3772 30 16 ter-

2184 3787 92 19 rassiers,
2298 3791 91 17 maçons,
2410 3789 114 22 forgerons,
2544 3791 141 20 mécaniciens,

2184 3810 51 16 pour
2253 3808 76 17 travail
2345 3813 27 13 en
2389 3811 102 19 province.
2615 3814 70 17 (B2550

2347 3871 36 17 ON
2401 3873 123 17 DEMANDE

2231 3891 20 16 1"
2264 3891 36 17 UN
2322 3892 115 18 OUVRIER
2458 3894 160 18 MAGASINIER

2265 3915 53 17 pour
2334 3913 154 19 garde-meuble

2230 3932 21 17 2"
2264 3933 36 17 UN
2325 3935 115 17 OUVRIER
2465 3936 175 18 DEMENAGEUR

2229 3954 122 18 Certificats
2373 3956 73 19 exigés.
2470 3957 54 16 Bons
2546 3957 91 17 salaires.

2228 3975 117 18 S'adresser
2356 3980 5 13 :
2383 3977 30 19 48,
2433 3977 80 18 chauss.
2534 3977 105 18 d'Anvers.

2341 3997 43 18 Tél.
2407 3998 81 17 17.49.90
2567 3999 72 18 (A1506

2784 3824 20 185 I

2187 4064 47 19 Impr.
2257 4064 70 17 Edmond
2350 4066 77 19 Morasln,
2448 4065 18 19 3,
2487 4070 27 13 rue
2535 4066 21 17 de
2576 4066 18 17 1a
2614 4065 69 17 Probité.

2186 4085 155 18 Ixellea-Boendael.
2360 4094 25 5 —
2403 4087 72 16 Bureaux
2484 4090 7 13 :
2509 4086 28 18 Sté
2555 4090 29 14 an.
2602 4085 82 18 d'Edition

2185 4108 17 15 et
2217 4106 20 17 de
2254 4106 86 20 Publicité.
2357 4106 29 20 52.
2403 4111 27 14 m
2445 4108 21 16 dn
2483 4107 97 19 Poot-Neof.
2597 4106 85 18 Bruxelles.
