4065 5782
119 273 88 52 Pour
223 272 51 52 les
289 269 167 66 employés
469 267 175 54 chômeurs

152 376 33 20 Le
202 374 79 26 public
296 379 17 15 a
329 373 60 20 saisi
404 371 200 21 admirablement
620 371 25 21 la

122 404 118 22 nécessité
261 403 29 20 de
312 402 67 20 venir
400 406 30 15 en
450 400 55 21 aide
525 405 49 15 aux
595 406 39 15 em-

123 432 226 27 ployés-chômeurs.
371 431 47 19 Pas
439 435 34 15 un
492 429 56 25 jour
567 434 32 16 ne
617 434 27 16 se

122 467 71 21 passe
212 466 58 15 sont
288 465 45 20 que
351 459 158 25 parviennent
526 463 33 16 au
577 458 67 25 siège

122 492 32 20 du
174 490 92 21 Comité
284 489 164 21 d'Assistance
473 488 26 20 et
524 487 30 21 de
573 488 70 20 Prêts

122 521 42 19 des
181 520 59 20 dons
257 518 152 26 importants.
427 517 37 20 On
479 516 41 21 n'a
536 522 44 20 pas
597 516 45 25 fait

122 549 71 26 appel
208 554 30 15 en
252 547 56 21 vain
325 547 15 20 à
355 547 24 20 la
393 546 136 25 générosité
543 546 29 20 de
587 545 44 20 cha-

122 584 53 15 cun.
193 577 66 21 Voici
275 576 23 21 îa
314 575 133 26 cinquième
461 575 57 21 liste
532 575 30 20 de
576 577 56 17 sous-

122 607 103 25 cription
235 611 8 15 :

149 637 43 18 Les
210 633 98 21 sociétés
326 633 23 20 et
365 633 35 20 les
417 633 103 20 malsons
537 630 56 20 dont
608 629 34 19 les

122 666 67 15 nome
204 660 93 21 suivent
311 660 42 19 ont
367 659 49 23 prie
431 655 168 27 l'engagement
614 654 28 19 de

123 692 81 15 verser
224 685 105 26 pendant
351 685 37 20 six
409 684 66 22 mois,
497 680 147 25 l'équivalent

123 713 29 19 de
172 713 12 19 l
203 717 22 19 p.
243 716 20 15 c.
282 711 42 20 des
343 708 187 27 appointements
548 705 94 24 qu'elles

123 737 81 26 paient
226 737 15 20 à
261 737 52 20 leur
334 735 129 25 personnel.
484 731 101 22 O^lui-ci,
614 730 28 19 de

122 769 44 14 son
191 762 57 22 côté,
272 767 67 14 verse
362 766 45 15 une
431 756 156 23 contribution
612 755 30 20 du

122 788 77 20 même
213 788 68 19 ordre
292 792 6 15 :

149 813 196 20 Etablissements
361 807 157 25 Vanderspek.

148 838 85 20 Usines
249 838 113 20 Williams
379 836 22 19 et
415 834 121 20 Williams.

149 864 166 20 Manufacture
333 860 87 25 Royale
439 859 39 20 des
495 857 101 24 Bougies
614 857 27 19 de

122 889 23 20 la
165 889 68 23 Cour,
252 889 21 19 S.
291 889 26 18 A.

149 916 139 22 Algemeene
304 909 225 23 Bankvereeniging,
546 908 22 20 S.
585 908 27 19 A.

150 939 141 21 Secrétariat
303 936 95 25 général
410 936 40 19 des
464 933 177 25 Organisations

123 965 141 25 patronales.

151 991 78 19 Caisse
247 987 125 21 Nationale
392 985 163 21 d'Allocations
574 984 58 19 fami-

123 1016 66 19 liales
205 1015 23 19 et
244 1014 165 18 d'Assurances
424 1010 99 21 sociales
538 1010 31 19 du
583 1008 50 21 bâti-

123 1041 66 20 ment
204 1041 23 18 et
243 1039 39 19 des
298 1039 100 19 travaux
412 1036 96 25 publics.

151 1064 132 21 Orfèvrerie
300 1063 159 20 Wlskemann.

150 1135 47 20 Des
221 1134 164 25 groupements
409 1133 29 20 de
460 1130 183 22 fonctionnaires

122 1163 26 19 et
167 1159 139 25 d*employC3
325 1159 42 19 ont
384 1158 46 20 fait
448 1158 32 19 les
499 1156 143 20 versements

123 1185 100 25 ci-après
234 1190 5 14 :

123 1211 126 20 Personnel
268 1210 27 20 de
312 1209 28 20 l'«
346 1208 118 20 Industrie
471 1213 18 14 ».
497 1208 30 19 fr.
572 1206 45 20 500.
617 1216 27 4 —

124 1236 127 20 Personnel
275 1235 27 19 de
323 1235 24 19 la
368 1240 12 13 «
388 1233 113 24 Quercine
509 1239 19 13 ».
572 1232 46 19 241.
617 1241 28 5 —

124 1261 126 21 Personnel
268 1261 27 19 de
311 1260 24 20 la
351 1258 89 21 Société
456 1259 71 23 Belge

152 1288 39 19 des
207 1286 88 20 Bétons
553 1282 64 23 6,500.
616 1292 28 4 —

123 1312 127 21 Personnel
267 1311 26 19 de
308 1311 24 19 la
346 1311 22 19 S.
382 1311 27 19 A.
425 1310 28 20 de
468 1309 60 20 Mer-

151 1336 169 25 bes-Sprimont
572 1333 45 20 937.
617 1342 26 5 —

124 1363 134 22 Personnel,
288 1361 113 20 direction
430 1360 23 20 ct
482 1365 36 14 em-

151 1388 79 24 ployés
267 1388 27 19 de
328 1387 23 20 la
384 1385 144 21 Bruxelloise

152 1413 152 19 d'au-to-trans
306 1412 64 24 ports
573 1409 71 21 342.50

124 1439 127 21 Personnel
272 1439 27 19 de
318 1438 23 19 la
360 1438 22 19 S.
400 1437 27 19 A.
445 1436 73 24 Impri-

151 1464 71 19 merie
242 1464 40 19 des
300 1463 109 19 Travaux
427 1462 100 20 Publics.
573 1461 71 20 191.25

126 1490 91 22 Groupe
237 1487 138 24 d'employés
395 1488 39 19 des
454 1488 63 22 Pape-

156 1515 67 19 teries
250 1514 27 19 de
303 1513 105 24 Virginal
437 1513 90 20 (Cercle

155 1540 61 20 Olin)
554 1536 91 23 2,000.—

126 1564 124 22 Personnel
270 1563 103 24 employé
392 1563 30 19 du
438 1563 89 19 bureau

154 1591 40 19 des
200 1590 81 20 Postes
296 1589 26 19 de
336 1588 192 20 Braine-l'Alleud

157 1616 39 19 (en
220 1616 81 19 faveur
326 1614 26 19 de
377 1614 61 19 leurs
462 1611 57 21 collè-

153 1646 58 19 gues
231 1641 27 19 de
278 1638 109 21 l'activité
408 1639 66 19 civile
493 1639 27 18 at-

153 1667 71 18 teints
244 1671 43 19 par
305 1665 21 19 le
345 1663 118 24 chômage,
483 1663 36 24 pri-

150 1697 51 14 mes
216 1697 41 15 sur
270 1692 68 19 vente
352 1691 40 19 ^es
406 1690 77 20 billets
499 1689 28 20 de

151 1716 23 20 la
190 1717 103 20 tombola
307 1716 65 24 qu'il.;
416 1716 64 19 aient
494 1714 26 20 ré-

153 1741 91 20 servés)
573 1738 72 21 199.70

125 1765 92 20 Société
237 1773 11 11 t
255 1767 55 19 Arts
330 1766 23 20 et
371 1765 157 24 Agréments»

152 1791 39 19 des
205 1791 105 20 Galeries
324 1793 23 19 et
360 1791 78 20 Grand
452 1791 76 19 Bazar

152 1816 110 23 Anspach
586 1815 58 19 80.50

126 1841 126 20 P:nsonnel
294 1841 105 24 employé
438 1841 28 20 de
504 1841 24 19 la

153 1873 12 12 «
173 1866 109 24 Magnéto
300 1867 71 24 Belge
378 1873 12 13 »
426 1879 103 8 ....
573 1865 72 20 130.—

155 1938 32 19 L**e
206 1936 86 21 Comité
310 1943 15 14 a
342 1941 55 19 reçu
416 1937 27 19 d»
463 1937 100 19 diverses
582 1935 53 21 insti-

128 1962 90 20 tutions
238 1963 23 19 et
279 1963 38 19 des
336 1962 170 23 personnalités
532 1963 56 19 dont
612 1962 33 19 les

127 1992 68 15 noms
216 1987 98 23 suivent,
335 1992 31 14 un
388 1987 89 19 certain
500 1988 95 18 nombre
617 1987 28 19 de

129 2013 59 19 dons
205 2013 57 20 faits
279 2018 28 15 en
324 2017 45 15 une
385 2013 55 23 fois;
458 2013 61 20 voici
535 2013 34 19 les
584 2013 53 24 prin-

125 2038 87 23 cipaux
221 2044 6 14 :

126 2062 123 21 Ministère
266 2064 40 19 des
323 2063 110 22 Colonies,
449 2068 28 15 en
494 2063 26 20 fa-

152 2093 58 14 veur
228 2089 39 19 des
285 2089 121 19 coloniaux
422 2088 105 20 victimes

154 2112 27 21 da
203 2114 23 18 la
247 2114 60 20 crise
499 2114 30 19 fr.
542 2114 76 22 10,000.
619 2124 27 4 —

126 2138 92 20 Unatra
555 2139 91 20 2.000.—

126 2164 23 19 S.
171 2164 27 19 A.
221 2164 152 24 cBelgallia»
555 2165 89 22 1,000.—

126 2189 101 19 Romain
235 2189 51 19 Van
295 2190 137 19 Kerckhove
449 2190 22 20 et
485 2195 45 15 son

153 2215 121 23 personnel
574 2215 45 20 415.
620 2225 25 5 —

127 2239 22 19 S.
174 2240 26 19 A.
226 2245 11 13 «
245 2240 82 23 Bunge
335 2245 19 18 »,
378 2241 89 19 Anvers
491 2254 7 7 .
523 2254 7 7 .
555 2241 63 19 5.000.
619 2251 26 4 —

126 2264 90 20 Société
235 2265 71 24 Belge
327 2266 39 19 des
385 2265 87 21 Bétons
491 2280 6 6 .
523 2280 6 6 .
554 2266 64 22 5,500.
620 2276 25 5 —

125 2290 98 19 «Fonds
238 2290 103 19 Colonial
356 2291 41 19 feu
410 2292 21 19 J.
438 2292 71 19 Jadot
516 2297 12 13 »
542 2292 76 19 15,000.
619 2302 26 4 —

127 2315 30 19 ÎI.
181 2315 109 21 Lambert
312 2315 72 20 Jadot
427 2330 103 7 ....
556 2317 90 21 2,000.—

126 2340 90 20 Société
232 2340 112 20 Générale
361 2341 40 19 des
418 2342 111 20 Minerais
555 2342 63 22 5,000.
620 2352 26 4 —

124 2366 147 19 Association
289 2366 39 20 des
345 2367 138 20 Industriels
501 2368 27 19 de

154 2391 110 23 Belgique
552 2392 64 23 3,329.
616 2403 27 4 —

126 2416 77 19 Office
221 2417 27 19 de
264 2416 107 21 Contrôle
388 2418 40 19 des
443 2418 75 19 Instal-

154 2442 84 19 lations
259 2442 145 24 Electriques
427 2448 28 14 en
477 2443 42 19 Bel-

154 2467 74 23 gique,
247 2467 23 19 et
289 2472 40 14 son
350 2469 120 22 personnel
490 2482 6 6 .
522 2482 6 6 .
553 2469 64 22 3,600.
618 2479 26 4 —

127 2491 50 20 Soc.
198 2492 56 20 Gén.
275 2493 38 19 des
333 2493 85 20 Forces
438 2493 90 24 Hydro-

154 2517 144 24 Electriques
316 2518 30 19 du
363 2519 110 23 Katanga
491 2533 5 6 .
522 2533 7 6 .
554 2520 64 22 2,000.
618 2530 27 4 —

127 2542 50 20 Soc.
198 2543 39 19 dsc
256 2543 74 20 Mines
349 2544 54 19 d'Or
421 2545 27 18 de
466 2544 63 20 Kilo-

155 2568 64 19 Moto
556 2570 90 19 5.000.—

126 2592 91 20 Société
236 2593 116 20 Coloniale
369 2595 139 19 Anversoise
524 2608 6 7 .
555 2596 64 21 1,000.
620 2606 25 4 —

127 2618 33 19 La
186 2618 162 21 Continentale
372 2620 97 19 Menkrs
493 2633 6 6 .
525 2633 7 7 .
557 2621 64 22 1,000.
621 2630 26 4 —

126 2643 114 23 Co"perie
284 2644 71 24 Belge
363 2654 9 5 -
378 2644 153 24 Américaine,

156 2668 21 20 S.
203 2669 20 18 A
551 2671 91 19 1.000.—

126 2698 13 13 c
152 2692 127 25 Belgikaôr
291 2700 13 13 »
324 2695 75 19 Mines
419 2696 55 19 d'Or
492 2710 6 7 .
524 2709 7 8 .
556 2695 91 25 1,000.--

127 2718 79 20 Cercle
227 2720 74 23 Royal
321 2720 167 21 Saint-Hubert
525 2734 6 6 .
576 2721 70 19 500.—

128 2742 30 22 M.
184 2744 112 23 François
320 2745 115 24 Debliqui,
459 2745 72 24 agent

153 2769 28 19 de
200 2769 90 24 change
574 2771 44 19 500.
619 2781 26 4 —

127 2793 121 21 Diction
275 2795 30 19 du
330 2794 93 21 cinéma
448 2795 28 20 de
501 2796 24 19 la

152 2820 69 19 Scala
554 2821 90 22 2,381.80

126 2844 81 20 Fcdér.
233 2845 39 19 des
298 2845 119 21 Centrales
444 2846 76 20 d'Elec-

153 2870 84 23 tricité,
259 2870 90 20 Société
372 2871 157 24 Coopérative.
555 2872 64 20 3.100.
619 2882 27 4 —

126 2894 171 21 Blanchisserie
320 2902 12 12 «
339 2896 34 19 La
394 2896 115 24 Neigeuss
516 2902 12 13 »
574 2897 45 19 531.
619 2907 26 4 —

130 2919 50 19 Soc.
202 2920 68 23 Coop.
291 2921 77 18 Union
389 2921 72 23 Belge
490 2922 41 18 d-es

155 2944 157 20 Producteurs
330 2945 161 24 d'Electriciié,
509 2947 24 19 et

156 2974 42 14 son
221 2972 122 21 personnel
577 2971 45 20 360.
622 2982 27 4 —

126 2994 105 20 Ciments
251 2995 30 19 du
300 2996 110 23 Katanga
428 3010 102 6 ....
575 2997 45 20 500.
619 3007 28 5 —

126 3019 51 19 Soc.
197 3020 170 24 d'Entreprises
386 3022 27 19 de
431 3022 101 19 travaux

154 3049 27 14 en
200 3044 69 20 béton
285 3051 32 14 au
334 3047 111 23 Katanga
461 3062 5 4 .
493 3061 6 6 .
525 3061 7 6 .
576 3048 45 20 500.
621 3058 26 4 —

126 3069 80 20 Cercle
231 3071 40 19 des
295 3072 101 19 Anciens
420 3072 111 20 Officiers

153 3095 28 19 de
200 3096 23 18 la
243 3096 134 24 Campagne
405 3098 125 23 d'Afrique.
575 3098 45 20 250.
620 3108 27 5 —

127 3120 90 20 Sor-iété
243 3121 70 24 Belge
340 3122 147 20 Industrielle
507 3124 25 18 et

153 3145 97 21 Minière
268 3147 30 18 du
315 3147 111 24 Katanga
458 3161 6 7 .
490 3161 7 7 .
523 3162 6 7 .
575 3149 45 19 500.
620 3160 27 4 —

125 3170 133 20 Brasseries
278 3172 30 19 du
328 3172 111 23 Katanga
458 3187 5 5 .
489 3186 7 7 .
522 3187 7 6 .
574 3174 72 19 250.—

126 3196 133 20 Brasseries
286 3203 18 13 -2
321 3197 154 25 Léopoldville
491 3212 7 7 .
523 3212 7 7 .
575 3199 45 19 200.
621 3209 27 5 —

125 3221 143 24 Compagnie
284 3223 121 23 d'Elcv-ge
421 3225 23 18 et
460 3224 57 19 d'Ali-

152 3247 131 19 mentation
301 3248 30 19 du
347 3248 111 24 Katanga
490 3263 7 7 .
522 3263 7 6 .
555 3249 63 23 1,000.
618 3260 27 4 —

152 3303 20 19 A
193 3308 39 15 ces
253 3304 169 21 contributions
441 3304 91 22 versées
552 3305 15 20 à
587 3306 48 20 Bru-

125 3329 71 19 xelles
217 3334 45 19 par
282 3329 32 19 les
335 3330 144 20 institutions
500 3331 21 19 't
542 3332 101 19 maisons

126 3354 40 23 qui
188 3359 15 19 y
225 3354 41 20 ent
289 3354 50 20 lev
359 3353 70 26 si7ge.
458 3356 125 23 s'ajoutent
611 3357 32 19 ks

125 3379 170 23 souscriptions
312 3380 23 20 et
350 3381 33 19 les
400 3381 57 19 dons
474 3382 112 19 recueillis
602 3387 42 19 par

126 3404 34 20 les
178 3404 102 20 Comités
300 3404 127 25 régionaux
445 3411 28 15 en
490 3407 113 23 province,
622 3408 22 19 et

127 3434 14 14 o
144 3435 5 8 1
152 3430 13 16 :'
197 3430 42 20 ont
256 3429 90 24 publié-:
363 3436 44 19 par
422 3432 8 19 1
445 3437 11 14 s
472 3431 116 24 journaux
605 3433 39 20 des

126 3455 124 19 différents
266 3456 99 21 centres.

340 3494 100 20 -Og<»-.

126 3528 167 63 LaVie
318 3547 65 44 en
398 3532 246 61 Province

126 3638 49 23 (De
193 3643 43 15 nos
260 3639 200 25 correspondants
485 3640 161 24 particuliers*

401 3670 47 22 AU
472 3668 174 24 LITTORAL

178 3719 22 20 A
218 3718 152 23 OSTENDE.
388 3730 31 6 —
435 3720 41 21 LE
493 3721 109 20 MUSEE

220 3748 45 21 DU
284 3749 82 20 FORT
384 3749 173 21 NAPOLEON

155 3777 33 19 Le
200 3778 79 19 musée
293 3778 31 19 du
336 3779 58 20 Fort
406 3780 127 23 Napoléon,
548 3780 57 19 dont
618 3785 30 14 on

132 3803 126 22 annonçait
281 3804 137 20 l'ouverture
443 3805 82 23 depuis
549 3806 98 22 quelque

132 3826 77 23 temps
207 3829 5 6 1
230 3827 58 23 déjà,
309 3829 36 19 est
365 3831 126 19 accessible
511 3835 32 15 au
564 3830 84 24 public.

131 3850 32 21 Le
179 3852 51 23 prix
246 3852 101 23 d'entrée
362 3855 37 18 est
413 3854 47 20 fixé
476 3854 15 21 à
506 3855 13 19 2
535 3855 30 20 fr.

159 3876 19 19 Il
193 3877 35 18 est
242 3876 53 24 déjà
306 3879 98 22 possible
418 3880 37 23 d'y
466 3881 51 19 voir
530 3885 46 15 une
589 3879 60 21 série

131 3900 29 20 de
179 3902 109 19 tableaux
305 3903 28 19 de
350 3903 34 20 De
402 3904 84 23 Brock,
503 3906 145 19 concernant

133 3926 23 18 la
174 3925 81 24 pêche:
275 3931 45 15 une
337 3928 106 20 centaine
462 3930 27 20 de
506 3931 84 22 photos
608 3930 41 20 des

131 3952 53 22 plus
203 3952 74 19 beaux
296 3952 56 19 sites
372 3953 23 19 et
411 3955 148 19 monuments
578 3955 28 20 de
625 3956 22 18 la

129 3975 89 25 région,
234 3976 64 19 enfin
317 3981 45 16 une
377 3978 107 23 peinture
501 3980 95 22 murale,
614 3980 24 19 in-

131 4001 82 19 titulée
233 4007 12 13 «
266 4001 48 20 Der
333 4002 92 20 Barbar
444 4008 19 18 »,
483 4004 103 23 repeinte
605 4009 44 19 par

128 4026 106 20 Gustave
252 4026 136 29 Vanhestè^

305 4063 92 24 DANS
420 4063 44 24 LE
486 4064 156 25 HAINAUT

171 4116 23 20 A
207 4116 72 20 ATH.
293 4126 31 5 —
337 4116 23 21 A
371 4116 237 22 L'ASSOCIATION

285 4145 204 26 CATHOLIQUE

154 4175 175 20 L'Association
347 4176 132 24 catholique
498 4181 14 14 a
528 4177 57 19 tenu
603 4181 45 15 une

130 4199 141 24 Importante
288 4200 97 20 réunion
403 4206 55 15 sous
474 4202 24 19 la
513 4201 136 24 présidence

128 4224 31 19 du
174 4225 34 19 Dr
223 4224 77 24 Fossé,
315 4225 104 24 échevin,
434 4226 98 20 entouré
547 4227 29 19 de
591 4227 56 19 MM.

128 4249 104 23 Delsaut,
246 4251 93 21 avocat;
356 4251 81 20 Victor
451 4251 86 25 Bègue,
552 4251 96 25 délégué

126 4275 106 22 syndical
250 4276 24 19 et
291 4275 114 21 Constant
421 4277 77 22 Lison,
514 4276 133 20 secrétaire.

155 4299 110 20 L'avocat
288 4300 100 21 Delsaut
411 4303 24 18 et
458 4302 32 20 M.
514 4302 27 20 V.
565 4301 80 25 Bègue

127 4325 43 18 ont
193 4324 81 20 insisté
296 4330 42 15 sur
359 4327 25 18 la
404 4326 188 25 réorganisation
615 4327 31 19 du

127 4349 63 24 pirti
209 4350 133 24 catholique
359 4352 133 19 communal
512 4353 24 19 et
553 4352 92 19 l'exten-

111 4387 4 5 .
128 4374 52 19 sion
197 4374 29 19 de
243 4379 37 14 ses
297 4379 91 16 œuvres
405 4381 28 15 en
451 4376 137 24 s'inspirant
605 4381 41 15 sur

128 4398 119 24 l'exemple
265 4404 45 18 que
328 4400 103 21 donnent
449 4402 33 19 les
499 4407 92 14 œuvres
608 4406 29 15 ca-

128 4423 116 24 tholiques
264 4423 78 21 créées
361 4424 16 21 à
396 4426 133 24 Jemappes.

294 4463 21 22 A
320 4463 20 23 U
363 4463 86 25 PAYS
471 4465 47 23 DE
540 4464 105 24 LIEGE

186 4513 23 21 A
227 4513 102 21 LIEGE.
345 4524 31 7 —
391 4516 46 21 AU
453 4517 135 21 CONSEIL

297 4543 181 23 COMMUNAL

155 4572 35 18 Au
210 4576 69 16 cours
298 4573 28 19 de
346 4573 24 20 la.
388 4574 106 21 dernière
513 4575 90 25 séance,
623 4576 22 20 le

128 4597 53 22 prix
195 4597 84 19 Bastin
296 4602 15 15 a
327 4597 37 21 été
380 4600 70 20 remis
465 4605 47 15 aux
528 4602 116 19 titulaires

129 4621 116 21 suivants:
270 4622 31 20 M.
325 4622 58 21 Paul
406 4624 75 25 Willy,
504 4626 29 20 de
557 4627 23 18 la
603 4631 42 16 rue

129 4645 211 26 Sur-la-Fontaine;
357 4648 55 21 Mlle
427 4649 74 21 Marie
517 4651 127 23 Debroeck,

129 4669 28 20 de
172 4671 23 19 la
209 4676 41 15 rue
266 4672 78 20 Fond3
360 4673 41 20 des
416 4673 81 22 Tawes
513 4677 24 18 et
552 4676 31 20 M.
599 4678 36 18 Au-

129 4696 67 21 guste
215 4696 92 25 Jadoul,
327 4698 29 20 de
375 4699 24 19 la
418 4704 41 16 rue
477 4700 116 22 Henkart.
611 4702 33 19 Le

687 268 60 51 Les
769 265 163 53 Théâtres
951 264 18 51 à
993 263 175 52 Bruxelles

688 355 137 19 THEATRE
837 354 97 18 ROYAL
944 353 39 18 DE
995 353 37 17 LA
1044 352 102 18 MONNA
1149 352 11 10 T
1162 351 24 18 ri.

664 378 65 18 Jeudi
744 378 17 20 2,
777 377 15 18 â
807 377 23 17 20
845 377 21 17 h.
882 376 30 20 30,
929 382 11 11 €
955 376 84 17 Lakmé
1056 381 18 12 ».
1089 384 25 4 —
1130 375 46 18 Ven-

666 401 60 17 dredi
741 400 18 21 3,
777 399 15 18 k
808 399 24 17 20
847 399 22 17 h.
886 398 29 20 30,
933 397 98 18 dernière
1049 396 127 23 représenta-

667 423 44 18 tion
731 422 26 17 de
777 427 11 12 «
807 421 33 17 La
861 420 94 18 Bohême
975 425 12 12 »
1006 420 23 18 et
1049 425 11 12 «
1080 418 61 19 Suite
1160 418 25 17 de

666 445 85 17 Danses
768 449 19 12 ».
803 452 23 3 —
844 442 87 18 Samedi
947 442 17 20 4,
981 442 15 17 à
1012 441 23 18 20
1051 442 21 17 il.
1099 441 18 21 0,
1135 441 41 17 deu-

666 467 69 17 xième
752 464 175 23 représentation
944 464 26 17 de
987 469 11 12 «
1014 464 97 18 Boccace
1127 468 19 13 ».
1162 470 25 5 —

666 487 119 19 Dimanche
805 488 18 19 5,
844 487 14 18 à
877 487 22 18 20
918 486 29 20 h.,
966 490 55 14 avec
1040 485 20 19 le
1079 488 106 14 concours

666 511 26 17 de
714 510 58 18 Mme
794 509 67 19 Clara
883 508 109 19 Clairbert
1014 514 11 12 «
1047 508 30 18 Le
1099 506 87 19 Pardon

665 533 26 17 de
708 531 108 18 Floermel
835 540 18 12 ».
872 540 25 4 —
915 530 71 18 Lundi
1003 530 19 20 6,
1041 529 14 18 à
1074 530 23 18 20
1114 529 22 19 h.
1154 529 30 19 30,

665 558 54 14 avec
739 554 19 17 le
777 557 105 14 concours
902 552 26 19 de
947 553 51 17 Mlle
1019 552 80 18 Bunlet
1119 552 22 18 et
1160 551 26 17 de

665 576 29 18 M.
718 575 178 22 Rosratchevsky,
921 574 106 23 première
1049 573 128 23 représenta-

666 599 45 17 tion
728 598 101 22 (reprise)
846 597 26 18 de
888 603 11 12 «
914 595 83 21 Fidélio
1012 602 19 13 ».
1045 604 25 5 —
1083 595 71 19 Mardi
1168 594 18 21 7,

665 621 14 18 à
690 621 24 18 20
725 621 21 17 h.
760 626 11 12 «
783 620 71 18 Faust
866 626 18 11 ».

689 642 151 18 GALERIES.
864 651 25 5 —
913 640 54 18 Fort
992 640 50 18 bien
1067 638 70 24 Jouôe,
1164 638 20 18 la

663 664 90 22 Joyeuse
773 668 67 14 revue
861 668 11 13 «
881 663 57 18 Tout
957 666 29 14 va
1006 662 49 17 bien
1065 668 11 12 »
1096 661 89 18 connaît

664 686 47 23 touj
726 691 37 13 urs
781 686 19 18 le
818 685 70 19 même
906 684 83 18 succès.
1007 684 42 19 Les
1067 683 118 18 excellents

665 708 92 19 interorr
764 708 4 7 '
786 712 10 13 s
847 707 6 18 l
856 708 7 8 l
866 711 57 17 *-nre,
942 707 88 17 Rittche
1046 706 22 18 et
1084 705 103 18 resterai

664 735 15 18 y
698 731 51 17 sont
767 730 111 18 vivement
896 729 123 23 applaudis.
1040 728 29 17 La
1091 727 95 18 locat.on

664 752 34 18 est
712 752 97 18 ouvert*.

689 774 170 19 ALHAMBRA.
881 782 25 5 —
928 772 30 18 Le
980 771 76 19 succès
1079 770 108 23 remporte

666 801 40 18 par
724 802 13 13 c
741 795 114 20 'Phi-Phi»
874 796 35 17 est
926 795 30 17 dû
974 798 43 14 non
1034 793 122 18 Feulement
1174 792 13 16 k

667 819 83 22 l'esprit
768 818 38 18 des
824 818 90 18 auteurs
932 817 23 17 et
971 821 29 13 ru
1017 816 88 17 charme
1122 815 26 17 de
1166 815 5 10 T
1174 818 13 13 a

666 840 107 23 musique,
792 839 56 18 mais
867 843 76 14 encore
961 842 29 14 au
1008 837 71 19 talent
1096 837 38 18 des
1152 840 13 13 a
1174 840 12 9 ■«-

663 863 63 18 tistes
742 862 36 23 qui
794 861 145 23 interprètent
953 860 14 18 à
981 860 21 19 II
1018 859 105 23 peiiectio
1152 858 31 18 les

663 884 56 19 rôles
735 884 116 18 amusants
867 883 38 18 des
921 886 148 19 personnages
1084 881 22 18 et
1120 881 14 18 à
1148 884 25 13 ce-

667 907 29 17 lui
715 907 38 17 des
771 905 125 19 musiciens.

686 929 137 20 MOLIERE.
837 937 25 4 —
877 926 84 23 Malgré
976 926 19 18 le
1010 925 45 19 très
1070 930 7 13 :
1084 929 36 13 ros
1136 928 38 14 suc-

663 950 36 18 cès
721 948 109 25 remporté
852 953 41 15 nar
915 949 21 17 la
958 948 89 23 Joyeuse
1069 951 67 14 revue
1158 946 26 18 de

664 973 97 18 Gustave
769 967 94 23 'Liteau
885 977 11 10 <■
905 971 132 18 XL-Bourse
1046 975 18 15 ».
1085 969 32 17 les
1137 968 39 18 der-

662 994 72 18 nières
749 993 186 24 représentations
951 993 50 19 sont
1016 991 130 20 annoncées,
1163 989 19 19 la

665 1017 105 17 direction
788 1016 71 22 ayant
878 1015 44 23 pris
940 1015 26 17 de
985 1017 117 15 nouveaux
1120 1016 56 18 enga-

667 1039 107 22 gement:*".

686 1059 195 20 VAUDEVILLE.
898 1068 24 4 —
936 1058 61 18 Allez
1012 1057 48 18 voir
1074 1055 109 19 comment

665 1083 18 17 le
698 1083 73 22 public
786 1082 30 18 rit
829 1082 24 18 et
867 1082 97 16 s'amuse
977 1084 30 14 au
1050 1079 82 18 actaile
1147 1077 37 18 des

665 1104 150 19 inénarrables
835 1103 75 18 scùnes
931 1102 26 18 de
978 1108 11 12 «
999 1102 31 17 La
1050 1101 89 18 Femme
1160 1100 25 17 Je

665 1131 51 13 mon
731 1126 45 18 ami
785 1132 18 15 a,
819 1125 99 18 enlevées
934 1128 54 14 avec
1002 1128 30 13 un
1047 1122 87 19 entrain
1149 1126 27 14 en-

667 1149 71 18 diablé
756 1153 39 18 par
812 1148 21 17 la
850 1148 76 21 troupe
943 1146 29 18 du
988 1145 136 19 Vaudeville.

690 1169 257 20 FOLIES-BERGERE.
970 1177 24 4 —
1014 1167 65 18 .'eudl
1102 1166 50 21 rjir,
1173 1165 15 19 â

664 1193 23 19 20
703 1193 21 18 h.
742 1193 28 20 35,
788 1192 98 18 dernière
903 1191 25 17 de
946 1196 11 12 c
965 1190 76 18 Hedd-i
1057 1195 20 12 *-
1094 1193 28 13 ne
1139 1192 46 14 cer-

665 1215 109 19 tifica-t»
796 1214 59 23 pièce
869 1217 27 14 en
910 1213 11 17 3
934 1213 68 20 actes,
1015 1212 26 17 de
1055 1211 69 18 Henri
1137 1211 48 18 Van

667 1237 73 21 Drele,
756 1237 36 22 qui
806 1236 30 19 fit
848 1236 21 17 la
884 1235 42 22 joie
941 1235 22 17 et
977 1233 143 19 l'édification
1136 1232 50 18 d'un

665 1259 72 23 public
747 1266 4 3 •
760 1258 60 18 aussi
844 1257 121 18 nombreux
988 1254 196 23 qu'enthousiaste.

666 1281 100 19 Demain,
787 1280 96 18 création
901 1279 26 18 de
948 1285 11 12 «
968 1278 108 22 Mijnheer
1095 1277 93 18 fastoor

666 1303 30 22 bij
711 1304 26 17 de
753 1302 79 22 Rijken
842 1308 19 12 ».

685 1326 37 17 LE
742 1324 158 19 FERTJCHET
921 1321 167 21 (Marionnettes
1108 1320 76 21 d'art),

667 1348 28 21 16,
713 1352 38 13 rue
768 1347 95 18 Lebeau.
879 1354 26 5 —
920 1343 152 24 Aujourd'hui,
1090 1343 14 18 à
1120 1344 22 17 15
1159 1341 28 22 h.,

665 1370 89 22 reprise,
772 1369 13 18 à
803 1369 21 18 la
840 1367 107 19 demande
964 1366 108 23 générale,
1091 1365 27 18 d-i
1138 1364 48 23 plus

666 1392 55 18 beau
744 1391 63 18 conte
830 1390 26 19 de
878 1389 112 20 FérraJ-t:
1014 1394 12 12 «
1035 1387 124 19 Cendrlllon
1167 1391 18 16 »,

665 1419 54 13 avec
733 1418 43 13 une
790 1412 55 19 mise
860 1417 25 14 ei
902 1410 64 20 fitène
980 1411 65 17 d'une
1060 1409 82 23 grande
1158 1409 18 18 ri-

665 1437 85 17 chesse.
764 1435 44 18 Des
822 1434 83 19 clowns
919 1435 23 16 et
957 1433 37 18 des
1010 1433 127 17 danseuses.
1153 1431 33 18 En

665 1458 74 20 finale,
757 1457 138 19 VinlmltaHe
910 1454 149 24 Triplr-mèche
1077 1454 55 17 dans
1150 1456 35 14 ses

668 1480 124 19 fantaisies.
807 1480 69 21 Soyez
890 1478 45 18 très
949 1478 33 18 tôt
997 1481 53 18 pour
1063 1476 46 18 être
1124 1480 8 12 r
1139 1479 42 13 -sis

690 1503 28 18 W
738 1502 135 19 UX-HALL.
895 1509 25 5 —
941 1500 58 17 Tous
1021 1499 31 17 les
1074 1498 63 19 soirs,
1159 1500 28 14 on

667 1525 70 17 donne
757 1524 30 17 les
807 1523 110 18 dernières
937 1520 135 19 nouveaatés
1092 1520 84 18 dansan-

666 1547 35 18 tes
718 1550 41 13 --ir
775 1546 32 17 les
824 1544 111 19 meilleurs
952 1543 131 19 orchestres.

689 1568 105 18 PALAIS
817 1567 91 18 D'ETE.
931 1575 26 5 —
977 1565 65 18 Jeudi
1066 1569 9 12 f
1091 1562 25 23 Ir,
1140 1563 38 18 der-

667 1590 57 18 nière
746 1590 39 18 des
807 1595 11 11 *
827 1588 177 22 Saltimbanques
1014 1592 18 16 ».
1054 1586 19 18 Il
1094 1590 15 12 v
1130 1589 55 13 aura

668 1612 65 21 foule,
756 1616 85 14 comme
864 1611 14 17 à
900 1611 73 17 toutes
996 1609 32 18 les
1050 1607 137 23 représenta-

666 1635 29 17 tic
714 1639 11 13 s
755 1633 151 20 T-écédente*;;
936 1631 87 18 retenez
1045 1634 39 14 vos
1107 1630 79 20 plares,

666 1656 55 18 c'est
736 1656 74 21 prude*
820 1656 16 17 t.
852 1656 49 17 Den
909 1654 43 21 ain,
968 1652 110 20 vendredi,
1095 1650 91 19 rremlè-

665 1683 23 14 re
702 1679 26 18 de
741 1678 23 18 la
777 1677 80 19 -rande
871 1681 66 14 revue
952 1675 75 19 «Parir
1042 1679 39 14 sur
1094 1674 90 19 Senne».

669 1742 169 37 TABLEAU
860 1740 68 37 BSS
948 1737 234 39 SPECTACLES

826 1818 87 18 JFXDI
931 1817 11 18 2
961 1816 67 18 JUIN

668 1846 108 20 Monnaie.
791 1856 24 4 —
831 1846 59 18 20-h.
907 1846 32 17 30:
957 1844 129 19 «Lakmé».

667 1869 104 18 Galeries.
787 1878 22 4 —
825 1869 22 18 20
861 1868 21 19 h.
899 1868 22 18 "ÎO
939 1871 6 14 r
962 1873 10 12 «
990 1868 54 17 Tout
1060 1871 27 13 v:.
1103 1866 48 18 bien
1167 1871 19 13 ».

667 1892 127 17 Alhambrn.
809 1900 23 4 —
848 1891 23 18 20
886 1890 21 18 h.
923 1890 33 18 30:
974 1889 124 18 «Phi-Phi».

669 1914 94 18 Molière.
785 1922 21 5 —
827 1913 23 18 20
871 1912 21 19 h.
913 1912 29 20 30,
965 1912 31 18 La
1017 1915 65 14 revue
1104 1916 11 13 €
1124 1909 62 19 X.-L.

691 1936 82 17 Bourse
782 1941 18 11 ».

668 1957 133 19 Vaudeville.
820 1965 23 5 —
862 1956 24 18 20
903 1955 22 19 h.
945 1955 23 19 30
990 1959 6 14 :
1016 1961 11 12 «
1047 1954 29 19 La
1099 1954 87 18 Femme

690 1980 26 17 de
730 1983 49 14 mon
795 1979 49 18 Ami
858 1984 18 12 ».

667 2002 182 18 Folies-Bersrcre.
866 2009 23 5 —
905 1999 23 19 20
942 1999 22 19 h.
981 1999 22 19 15
1023 2003 6 14 :
1046 2004 11 13 €
1074 1998 75 19 Hedde
1162 1997 24 20 al

690 2029 26 13 ne
734 2022 130 20 Certificaat
883 2027 11 13 »

668 2047 30 17 Le
722 2046 109 18 Peruohet
856 2043 169 20 (Marionnettes
1048 2042 76 20 d'art),
1148 2045 40 15 rue

691 2068 94 18 Lebeau.
804 2068 28 17 16.
851 2076 24 5 —
890 2067 19 17 A
927 2066 22 18 15
964 2066 32 17 h.:
1015 2071 11 12 «
1036 2064 122 19 Cendrillon
1169 2070 18 12 ».

668 2090 73 18 Palais
757 2089 71 19 d'Eté.
844 2098 24 6 —
882 2089 12 18 8
908 2089 22 17 h.
947 2088 23 18 30
989 2092 6 14 :
1013 2093 11 13 <
1041 2088 42 18 Les
1098 2088 79 18 Saltim-

693 2113 117 21 banques».

1340 268 293 79 PAR
1728 264 117 75 T.
1902 262 107 77 S.

1245 398 162 20 PROGRAMMES
1423 399 33 18 du
1471 397 71 23 JEUDI
1556 401 10 14 a
1581 395 56 22 juin
1655 400 41 15 1933
1754 394 162 24 Radio-Paris
1929 400 7 17 :
1958 399 26 21 i?
1985 398 14 16 2
2000 398 13 23 5
2031 398 32 17 m.
2080 391 28 23 P.
2127 396 41 19 100
2186 389 47 24 kw.

693 2177 58 35 Les
781 2177 144 35 Cinémas
956 2176 18 33 à
1006 2175 161 35 Bruxelles

672 2264 3 4 .
690 2252 133 19 LUTETIA.
839 2261 25 5 —
879 2252 64 22 Mary
960 2251 53 18 Glor
1044 2251 55 18 dens
1117 2256 11 11 «
1146 2250 41 18 Les

666 2275 126 18 Chevaliers
811 2275 26 17 de
856 2274 21 18 la
896 2273 118 23 Montagne
1033 2278 21 16 »;
1075 2279 10 11 «
1105 2272 82 18 Douole

666 2297 68 19 mètre
750 2301 26 14 ne
791 2297 46 18 s'en
853 2296 43 18 fait
911 2300 40 19 pas
965 2291 19 22 »"
999 2304 24 4 —
1038 2295 96 18 Enfants
1149 2294 37 18 ad-

667 2319 40 18 dis.

690 2341 162 18 MARIVAUX.
875 2349 23 5 —
920 2338 122 21 Annabella
1076 2338 23 18 et
1131 2338 54 18 Jean

667 2363 74 18 Murât
762 2363 54 17 dans
838 2368 12 12 «
870 2360 233 20 paris-Méditerranée
1124 2366 18 11 ».
1163 2367 22 5 —

667 2385 96 18 Enfants
780 2384 78 18 admis.

691 2406 141 19 MONNAIE.
852 2415 23 4 —
893 2405 29 18 Le
941 2404 47 18 film
1007 2404 26 18 de
1052 2403 49 19 Cari
1121 2403 64 18 Froe-

668 2428 41 19 licta
735 2433 6 13 :
764 2435 11 11 «
796 2428 83 18 Jeunes
901 2427 66 18 Filles
989 2430 27 14 en
1040 2425 112 19 Uniforme
1175 2430 10 11 »

669 2451 96 17 (version
789 2449 129 18 allemande,
943 2449 71 17 textes
1039 2447 97 22 français
1160 2447 25 18 de

668 2473 56 17 Mme
741 2472 110 18 Collette).
870 2480 19 4 —
910 2470 96 18 Enfants
1025 2474 40 14 non
1084 2469 78 18 admis.

692 2493 227 19 PATRE-PALACE.
945 2502 23 5 —
994 2492 91 19 Charles
1110 2491 76 19 Van-1.

669 2517 17 18 G
703 2517 52 17 brial
782 2516 87 20 Gabrio,
895 2515 74 18 Pierre
995 2514 112 19 Blanchar
1132 2514 55 17 dans

668 2544 10 13 s
698 2539 41 18 Les
759 2538 65 19 Croix
843 2538 26 18 de
888 2537 51 18 Eois
958 2543 18 16 »,
996 2536 87 23 d'après
1102 2535 84 19 Roland

668 2560 110 22 Dorgelès.
796 2569 22 4 —
836 2560 97 18 Enfants
949 2558 78 20 admis.

691 2583 99 17 PLAZA.
803 2591 23 4 —
840 2588 11 12 €
865 2582 89 21 Ourang
967 2586 19 13 ».
999 2589 23 5 —
1035 2580 97 19 Enfants
1146 2582 41 14 non

668 2604 78 17 admis.

692 2625 122 23 QUEEN'S
836 2624 85 19 HALL.
942 2633 25 5 —
989 2623 66 19 Clark
1078 2623 67 18 Gable
1168 2623 20 17 et

671 2647 67 19 Wall?
742 2652 23 13 ce
783 2648 70 20 Beery
869 2647 55 17 dans
941 2652 12 12 4
969 2646 77 18 Titans
1063 2645 28 18 du
1108 2645 45 18 Ciel
1170 2650 18 12 ».

672 2679 20 5 —
709 2670 97 17 Enfants
823 2669 79 18 admis.

693 2692 98 18 SCALA.
816 2700 19 5 —
861 2691 74 18 Albort
959 2689 90 22 Préjean
1072 2690 22 17 tt
1117 2690 61 17 Anna-

671 2714 53 17 bella
742 2714 54 17 dans
814 2718 11 13 *
843 2713 31 18 Un
891 2712 46 18 Fils
953 2710 139 24 d'Amérique
1109 2719 17 12 ».
1144 2710 35 18 d'a-

669 2736 48 22 près
732 2736 74 18 Pierre
821 2735 70 18 Véber
905 2735 22 18 et
941 2734 81 18 Marcel
1037 2733 115 19 Gerbidon.
1165 2741 23 7 •—

672 2758 94 17 Enfants
782 2761 42 13 non
840 2757 77 17 admis.

691 2779 116 19 SELECT.
826 2787 22 5 —
866 2779 76 20 Henry
959 2778 69 18 Garât
1044 2778 22 17 et
1084 2777 49 22 Meg
1150 2776 36 17 Le-

669 2801 97 18 monnler
779 2801 55 17 dans
847 2806 11 13 <
872 2800 16 18 Il
903 2801 33 17 est
950 2800 115 17 charmant
1078 2805 18 12 ».
1109 2808 23 4 —
1145 2799 42 18 En*

669 2824 61 17 fants
749 2823 78 17 admis.

691 2846 104 18 STUDIO
820 2844 83 19 (Palais
925 2843 38 18 des
985 2842 158 20 Beaux-Arts).
1164 2850 24 6 —

668 2867 109 18 Simonoff
791 2867 56 17 dans
862 2872 11 12 «
887 2866 75 18 Artem
978 2865 19 19 le
1013 2865 70 18 Géant
1096 2868 67 15 roufre
1177 2869 10 12 »

669 2889 85 22 d'après
773 2889 95 18 Maxime
888 2888 77 21 Gorki;
985 2894 12 12 c
1015 2889 35 17 Au
1068 2887 74 18 Milieu
1162 2886 26 18 de

669 2911 88 18 l'Océan
775 2911 37 17 des
830 2910 76 19 Sablas
924 2916 18 12 ».

692 2933 138 18 TRIANON.
848 2941 24 5 —
888 2931 93 18 F'orelle
998 2930 56 19 dans
1073 2936 11 13 «
1103 2931 74 17 Vacan-

669 2959 37 13 ces
722 2960 19 15 »,
758 2954 95 18 comédie
869 2954 166 22 humoristique.
1051 2962 24 5 —
1091 2952 97 19 Fnfants

670 2976 78 18 admis.

694 2998 144 19 VICTORIA.
855 3006 24 5 —
897 2997 29 18 Le
944 2997 47 18 film
1010 2997 26 18 de
1054 2996 50 19 Cari
1124 2996 62 18 Froe-

672 3021 42 17 Mch
739 3024 6 14 :
769 3026 10 12 «
800 3020 83 18 Jeunes
905 3020 65 17 Filles
992 3024 27 13 en
1042 3019 112 18 Uniforme
1177 3024 11 11 »

674 3042 95 18 (version
792 3041 130 20 allemande,
947 3042 71 17 textes
1041 3041 98 21 français
1163 3040 25 18 de

673 3065 54 17 Mme
743 3064 110 18 Collette).
869 3073 21 4 —
906 3063 96 19 Enfants
1017 3067 42 14 non
1074 3063 77 18 admis.

693 3087 105 18 AGORA.
818 3095 23 4 —
860 3085 121 20 Perchicot,
1001 3085 100 18 Suzanne
1121 3085 65 18 Bour-

671 3108 39 22 dry
725 3109 55 17 dans
796 3113 10 13 «
822 3108 89 18 Pomme
926 3108 105 17 d'Amour
1046 3113 19 16 »,
1080 3107 99 23 film-opé-

671 3131 62 18 rette.

696 3152 198 19 AMEASSADOR.
914 3160 25 5 —
958 3151 120 18 Madeleine
1099 3150 88 18 Renaud

672 3177 20 16 2t
711 3175 16 17 P
730 3175 4 13 ;
736 3179 47 13 erre
801 3174 110 18 Blanchar
928 3173 54 18 dans
1001 3179 10 12 «
1030 3173 29 18 La
1078 3173 101 18 Couturiè-

670 3201 23 13 re
707 3197 25 17 de
745 3195 31 20 Lu
778 3195 28 19 né
806 3195 51 20 ville
870 3202 19 14 »,
902 3195 99 19 d'Alfred
1014 3195 84 18 Savoir.
1111 3204 23 6 —
1147 3195 31 18 En-

671 3219 60 17 fants
747 3223 42 13 non
805 3218 79 18 admis.

693 3241 150 18 CAPITOLE.
863 3250 23 4 —
905 3239 60 18 René
984 3239 114 18 Lefebvre.
1119 3239 69 17 Diana

668 3262 22 18 et
712 3263 122 18 Madeleine
856 3262 77 18 Guittv
955 3261 55 20 dang
1033 3268 11 11 «
1065 3261 34 18 Un
1122 3260 66 19 Chien

668 3284 36 23 qui
721 3285 103 20 tvpporte
840 3290 18 14 ».
875 3293 24 5 —
915 3284 96 18 Enfants
1028 3288 42 13 non
1088 3282 77 19 admis.

691 3304 106 21 CAMFO.
818 3316 25 4 —
864 3306 118 18 Lawrence
1015 3304 87 20 Tibbett
1135 3305 54 18 dan«

669 3334 10 12 *
698 3328 30 18 Lr
750 3328 102 19 Chanson
873 3328 38 18 dea
931 3328 43 17 Iles
994 3333 18 14 »,
1034 3327 47 19 film
1103 3327 85 23 parlant

667 3350 85 19 anglais
775 3350 136 18 (sous-titre
931 3349 118 23 français).

690 3373 152 18 COLISEUM.
859 3382 22 5 —
897 3372 102 18 Fernand
1015 3372 93 21 Gravey.
1124 3371 63 18 Mona

668 3395 61 22 Goya
752 3395 22 19 et
798 3395 58 17 Nina
880 3394 71 22 Myral
975 3394 55 18 dans
1054 3400 12 12 «
1089 3393 100 19 Coiffeur

668 3421 20 18 p<
737 3416 82 18 Dames
835 3422 19 12 ».

692 3438 105 19 CIGALE
813 3448 24 4 —
854 3444 11 12 «
882 3437 96 19 Atlar.tis
994 3443 18 12 ».
1029 3437 54 18 Mise
1100 3441 25 13 en
1143 3435 36 19 scè-

667 3465 26 13 ne
709 3461 85 17 d'E.-A.
810 3460 95 23 Dupont.
921 3469 23 5 —
959 3459 97 18 Enfants
1071 3459 79 17 admis.

691 3483 21 17 M
718 3483 28 17 -\J
749 3483 32 17 ES
784 3483 53 18 TTC.
852 3492 20 4 —
887 3482 79 18 Raimu
980 3481 55 18 dans
1049 3487 11 12 c
1074 3481 83 19 Marius
1171 3486 17 12 ».

668 3514 22 4 —
708 3505 96 18 Enfants
822 3504 78 18 admis.

877 3540 105 19 -■&&+-

736 3576 73 31 LES
852 3575 30 31 T
883 3575 102 31 RIBU
989 3574 127 33 NAUX

709 3632 124 22 JUSTICE
849 3633 43 20 DE
908 3633 74 20 PAIX
997 3633 152 19 D'ANVERS

666 3658 56 20 LES
735 3658 96 21 CAVES
843 3658 41 20 OU
896 3659 41 19 LA
947 3655 75 22 VOIE
1034 3657 155 23 PUBLIQUE

959 3683 96 22 Anvers,
1069 3682 25 20 31
1108 3682 55 20 mai.

693 3708 21 20 A
724 3709 97 21 Anvers,
832 3713 89 15 comme
933 3708 58 19 dans
1004 3707 101 20 d'autres
1118 3707 72 22 villes,

668 3733 33 19 les
717 3733 164 24 propriétaires
898 3733 95 19 avaient
1011 3733 178 19 anciennement

668 3757 21 19 le
702 3758 60 19 droit
775 3758 29 19 de
818 3758 123 24 prolonger
954 3758 33 18 les
1002 3762 69 14 caves
1085 3757 28 19 de
1127 3757 62 19 leurs

670 3782 131 20 immeubles
822 3783 106 23 jusqu'au
948 3782 80 19 milieu
1049 3782 29 19 de
1097 3782 24 19 la
1141 3786 48 15 nie.

670 3806 37 23 Or,
725 3812 27 14 en
769 3808 120 23 beaucoup
908 3807 132 21 d'endroits,
1058 3810 37 15 ces
1114 3811 74 17 caves,

672 3830 123 21 inutilisées
812 3833 23 19 et
850 3832 29 19 de
896 3837 26 14 ce
937 3832 46 19 fait
998 3829 123 26 négligées,
1138 3836 43 14 con-

670 3855 96 20 stituent
778 3861 31 15 un
823 3857 88 24 danger
925 3861 59 20 pour
998 3856 23 20 la
1034 3855 100 20 sécurité
1148 3861 32 19 pu-

671 3880 82 24 blique.

696 3905 70 24 Aussi,
777 3906 24 19 la
814 3906 59 20 Ville
888 3906 85 19 a-t-elle
989 3904 80 21 décidé
1083 3905 29 20 de
1128 3905 60 20 faire

670 3929 142 23 disparaître,
829 3936 28 14 en
873 3931 106 19 donnant
993 3930 68 19 ordre
1076 3935 46 15 aux
1137 3935 42 19 pro-

670 3953 120 24 priétaires
804 3955 27 20 de
845 3956 33 19 les
892 3955 108 24 combler,
1015 3955 34 20 les
1064 3960 81 15 causes
1161 3955 27 19 de

671 3978 93 23 danger.

695 4003 38 19 Un
750 4003 28 19 de
796 4008 36 16 ces
849 4004 166 24 nroprlctalres
1033 4009 30 15 ne
1081 4003 108 25 répondit

671 4032 42 16 nas
741 4032 46 15 aux
815 4029 145 22 injonctions.
974 4029 214 20 L'administration

670 4053 145 19 communale
827 4053 29 20 fit
869 4054 59 20 donc
942 4054 102 20 combler
1056 4053 93 20 d'office
1165 4054 24 20 et

671 4077 51 23 pria
737 4077 21 18 le
775 4077 149 24 propriétaire
939 4079 28 19 de
984 4079 77 19 solder
1074 4079 35 20 les
1123 4079 66 20 frais.

694 4101 67 19 Catte
772 4102 84 20 affaire
867 4104 35 19 est
914 4108 75 15 venue
1000 4104 87 20 devant
1097 4105 23 19 le
1132 4104 54 24 Juge

672 4125 26 19 de
707 4125 55 23 paix
771 4126 39 23 qui
820 4131 14 14 a
844 4127 80 20 estimé
934 4133 44 19 que
987 4128 34 20 les
1032 4129 59 19 frais
1102 4129 75 20 Incom-

672 4148 57 20 bent
740 4155 30 14 au
783 4151 154 23 propriétaire.
949 4153 94 20 Celui-ci
1055 4158 16 15 a
1082 4153 108 24 Interjeté

671 4174 67 23 appel
749 4174 30 20 du
791 4175 122 24 jugement.

879 4213 103 24 -+**-

672 4240 202 78 Ardenne,
921 4243 268 80 Villégiature

670 4324 104 20 HOTEL
785 4324 43 20 DE
841 4325 38 20 LA
891 4327 124 24 VALLEE,
1028 4329 157 22 Hotton-s./O.

806 4349 141 22 Restaurant
965 4352 80 24 réputé

824 4374 59 20 Tout
898 4376 20 19 le
932 4378 97 20 confort.

742 4397 143 22 Réductions
905 4405 6 15 :
930 4401 50 24 juin
996 4404 25 19 et
1037 4404 81 24 Juillet.

672 4480 91 19 Conseil
779 4484 16 14 a
812 4479 106 21 examiné
933 4483 88 19 ensuite
1037 4484 24 19 la
1077 4485 106 23 question

674 4505 40 19 des
738 4505 101 19 travaux
862 4505 98 23 publics;
984 4508 152 25 notamment,
1160 4511 24 19 la

672 4529 161 19 construction
848 4529 54 19 d'un
916 4530 82 24 siphon
1012 4538 54 15 sous
1081 4535 21 19 le
1117 4535 68 19 canel

671 4554 90 23 Albert;
778 4554 22 19 le
812 4554 176 24 prolongement
1002 4557 27 20 de
1042 4558 85 25 l'égout
1140 4560 35 19 col-

673 4579 89 20 lecteur
776 4578 29 20 de
820 4579 24 19 la
860 4579 48 20 rive
923 4581 89 22 gauche
1026 4582 29 20 de
1069 4584 23 19 la
1107 4584 79 20 Meuse

676 4603 65 21 (coût
752 4603 104 23 2,060,000
867 4604 34 22 fr)
916 4604 56 20 dont
982 4606 21 19 le
1015 4608 69 22 quart
1095 4608 15 20 à
1121 4610 58 19 char-

672 4634 29 19 ge
716 4629 66 19 de>la
795 4628 61 20 ville.
869 4628 33 23 Le
915 4629 91 21 Conseil
1019 4636 16 15 a
1047 4635 94 22 accepte
1155 4639 30 15 un

675 4653 47 20 don
738 4653 29 21 de
782 4653 71 22 10,000
868 4654 30 19 fr.
914 4654 46 20 fait
974 4659 44 19 par
1032 4656 31 20 M.
1078 4658 110 24 Tybosch,

677 4683 29 15 en
723 4683 44 15 vue
785 4678 29 19 de
829 4677 67 21 créer
912 4683 32 15 un
959 4680 53 22 prix
1027 4683 84 20 annuel
1126 4683 15 21 à
1158 4689 31 15 un

676 4702 93 21 lauréat
790 4703 33 19 du
842 4704 180 20 conservatoire.

1216 444 99 23 Institut
1342 443 117 23 National
1484 442 76 28 Belge
1583 440 31 23 de
1643 438 76 23 Radio-

1239 476 128 23 diffusion.

1211 506 126 18 LONGUEUR
1353 504 90 19 D'ONDE
1460 510 6 13 :
1484 505 38 21 508.
1524 505 10 16 6
1550 509 22 12 m.
1588 510 22 6 —
1627 502 18 18 P.
1661 507 22 12 20
1698 501 33 18 kw.

1234 529 78 19 {Langue
1329 526 100 21 frau-ahe).

1236 555 18 12 u
1268 553 18 14 u.
1294 554 7 13 ;
1315 549 74 20 DLqitto
1398 553 5 13 :
1415 549 25 16 La
1451 548 31 17 Vie
1496 547 96 18 Parvienne
1606 544 112 20 '.Oifcnbach)
1724 549 5 15 ;

1211 571 24 19 La
1248 572 80 18 danxu-*
1340 571 22 17 de
1376 570 77 20 Tamigra
1462 575 5 12 :
1481 570 21 18 Je
1514 569 66 18 dansai*
1597 567 119 21 (Hîrchinano;
1724 571 5 15 ;

1211 593 81 20 Sérénade
1313 592 88 21 (Pieroê);
1422 586 89 27 Psgaaûu,
1528 589 95 23 pot-pourri
1641 589 71 19 iLehar)
1724 593 5 15 ;

1211 615 71 18 Comme
1301 619 34 13 une
1354 613 85 21 cigarette,
1461 616 51 18 tango
1532 611 132 21 (Mascberonii;
1686 610 39 18 Noc-

1212 640 48 15 turne
1280 641 18 13 n.
1318 641 8 12 2
1349 636 82 20 iCn-jMn.-
1437 640 4 13 :
1464 633 113 20 Souvieaa*toi
1598 632 133 22 (Borei-Cerc).

1235 663 19 14 13
1267 658 11 17 h
1298 663 22 16 30
1330 663 5 12 :
1351 657 126 20 Météorologie.

1233 681 68 20 Après:
1315 680 88 20 Disques:
1419 679 43 17 Miss
1475 678 71 21 Hclyett
1561 675 95 23 (Audran);
1672 675 60 18 L'Ami

1212 702 51 22 Fritz,
1281 702 100 18 intermezzo
1398 700 116 21 (Ma-cugnij;
1533 699 33 19 La
1584 699 62 17 L'uutc-*.
1663 696 62 20 d'Hoff-

1211 728 67 14 mann:
1294 724 21 20 Je
1332 728 27 13 me
1374 727 68 13 nomme
1456 721 92 21 Coppeliu-s
1564 720 123 20 (.Oiîenbach)!
1705 719 27 17 la

1213 745 73 21 Bouche,
1301 745 43 18 fant.
1361 744 84 20 (Yvain);
1460 743 58 18 Vision
1533 743 66 21 lyrique
1613 741 116 22 (Ma-ogniy;

1211 768 24 17 Le
1251 767 61 18 Chalet
1322 772 5 12 :
1343 767 131 17 Arrêtona-nou»
1489 765 21 18 ici
1525 764 71 21 (AdainJ
1602 769 5 15 ;
1625 764 32 17 Les
1673 764 52 17 Mous-

1211 788 85 22 quetaires
1313 793 22 13 au
1354 787 83 21 Couvent,
1457 788 45 17 fant.
1522 785 151 23 (Varney-Tavan)
1677 790 5 16 ;
1705 785 27 17 Un

1211 811 68 17 homme
1292 816 21 13 en
1327 810 62 18 habit:
1403 810 46 17 Avec
1460 809 29 18 des
1503 809 105 21 précaution*-
1623 807 106 21 (Barnaby);

1213 832 111 21 Rose-Maue,
1339 836 32 14 one
1383 835 38 17 step
1435 830 79 22 (Frfml);
1530 831 23 17 Le
1569 831 57 17 Pivert
1642 829 90 20 iSommer-

1213 854 53 22 ield);
1284 855 44 21 Sang
1345 854 78 17 Polonais
1437 852 94 22 (Xedbal);
1549 853 23 17 Le
1588 851 74 20 Carillon
1679 851 21 18 de
1716 851 17 17 ia

1213 876 49 18 Forêt
1275 876 53 17 Notre
1344 875 138 20 (iouimsrfeld);
1498 875 134 17 Gazouillement
1646 874 23 17 du
1685 873 48 18 l'rla-

1212 901 54 18 leropï
1282 898 96 20 tâindini*);
1394 896 82 19 Sélection
1490 897 21 17 de
1527 896 66 21 Roosey
1608 895 76 20 Baliads;
1702 896 23 16 Pe-

1212 921 31 16 tite
1256 920 60 19 Chose,
1328 919 77 17 mélodie-
1407 924 20 12 va
1433 924 19 12 se
1466 918 93 20 (Charly);
1572 918 33 18 Les
1617 918 22 17 2$
1649 918 50 20 Jours
1711 917 22 17 de

1212 941 81 19 Clairette
1312 941 74 21 iTavanJ
1392 954 5 8 ,
1416 943 46 16 Mars
1477 941 36 17 and
1530 940 70 21 Stripes,
1617 939 68 18 maiche
1703 939 28 19 (A.

1211 964 33 17 Sou
1253 963 28 20 a).

1235 990 8 12 r
1247 990 8 16 7
1276 985 19 18 h.
1304 989 6 14 :
1331 984 89 19 Orchestre
1438 983 132 22 symphonique,
1591 982 32 18 dir.
1642 982 27 18 M.
1688 982 43 21 Je^n

1212 1007 67 20 Kumps
1288 1012 5 12 :
1310 1006 94 18 Ouverture
1420 1006 21 18 de
1457 1006 39 17 Don
1511 1006 45 20 Ju;in
1573 1005 94 19 (Mozart);
1684 1004 48 18 Suite

1211 1029 84 20 pa-torale
1313 1029 49 18 (Mac
1381 1028 91 20 Ramsey-;
1492 1027 80 18 0h3n;ûn
1591 1026 24 17 du
1637 1026 95 20 Printemps

1213 1050 149 20 (MendtlssoSn);
1384 1050 46 17 Rêve
1448 1049 78 18 d'enfant
1548 1048 123 20 (Schumann»;
1692 1048 33 17 His-

1211 1073 51 16 toires
1274 1072 73 19 (lbe.-t);
1362 1071 51 18 Valse
1427 1072 48 17 triste
1488 1071 98 20 (SibeliusJ;
1603 1070 70 18 Marciie
1687 1069 38 19 mili-

1212 1093 42 20 taire
1268 1099 18 12 n.
1303 1098 8 13 I
1326 1093 107 20 (Schubert).

1236 1120 19 15 17
1271 1115 17 18 h.
1301 1120 21 15 45
1332 1120 5 13 :
1353 1115 77 18 Matinée
1444 1114 94 18 enfantine.

1236 1138 19 16 i3
1270 1137 17 18 h.
1303 1141 19 16 15
1332 1142 5 13 :
1352 1136 79 18 C-!u=eric
1440 1141 6 13 :
1459 1136 24 18 Le
1495 1136 60 17 salaire
1567 1135 48 18 viiaï.

1236 1159 20 17 18
1271 1158 17 18 h.
1303 1163 23 16 50
1334 1163 6 12 :
1355 1158 74 21 Ci:ques
1438 1163 5 13 :
1460 1163 20 16 $e
1495 1158 103 20 Symphonie
1613 1162 20 12 en
1648 1156 14 18 sî
1676 1156 55 18 bémol

1214 1180 108 20 (Schubert,;
1340 1179 105 19 Canzonetta
1460 1179 137 20 (Mendelssohn)
1601 1183 6 18 J
1623 1179 75 17 Haen.el
1713 1183 18 13 u.

1213 1203 62 20 Gretei,
1290 1202 44 18 fant.
1350 1201 145 21 (Humperdînck)

1236 1229 19 15 19
1268 1224 18 18 h.
1299 1229 20 12 10
1329 1229 5 12 :
1347 1224 94 17 Feuilleton
1454 1229 43 15 pour
1508 1224 23 17 les
1543 1222 74 19 enfants.

1236 1250 20 15 19
1270 1246 17 18 h.
1302 1250 20 15 IS
1332 1250 5 13 :
1351 1246 74 20 Disques
1433 1250 6 14 :
1454 1245 73 18 Czaidas
1543 1245 85 19 (Montî';
1643 1243 56 19 Soirée
1710 1244 22 18 de

1212 1267 64 18 Vienne
1296 1267 152 20 (Schubert-Liszt)
1454 1272 4 15 ;
1481 1268 25 16 La
1525 1266 68 22 Espana
1611 1266 43 18 L'uni
1676 1267 49 19 (Mar-

1212 1289 71 21 quera);
1298 1289 26 18 La
1337 1289 68 20 Poupée
1417 1289 22 18 de
1452 1287 110 22 Nuremberg,
1575 1293 39 16 ouv.
1629 1288 80 20 (Adam).

1236 1316 20 15 19
1270 1311 18 17 h.
1302 1316 23 15 30
1334 1315 5 13 :
1353 1311 99 20 Chronique
1465 1311 21 17 de
1500 1311 16 16 la
1529 1310 52 17 radio.
1594 1310 71 21 Journal
1679 1309 53 22 parlé.

1236 1337 20 13 îo
1276 1332 18 18 h.
1303 1337 5 13 :
1328 1332 94 20 Orcrestre,
1441 1332 33 18 dir.
1494 1332 26 18 M.
1540 1332 54 17 Franz
1610 1331 62 21 André,
1691 1337 41 13 avec

1213 1354 26 19 M.
1253 1355 95 20 Vrayenne,
1363 1354 71 20 baryton
1444 1359 5 13 :
1467 1353 111 21 Cramijînons
1591 1353 75 21 Liégeois
1684 1354 49 20 (avec

1212 1376 79 21 chants);
1306 1377 66 16 Dan-^es
1384 1376 111 21 populaires;
1508 1376 25 17 En
1547 1375 56 20 Italie,
1615 1381 21 12 en
1648 1375 84 23 Espagne,

1212 1403 21 12 en
1247 1398 64 19 Ko-.-.e,
1325 1403 21 13 eu
1358 1397 66 22 Russie,
1438 1403 21 12 en
1471 1397 101 22 Roumanie,
1585 1403 21 13 en
1617 1398 81 21 Hongrie,
1710 1403 21 13 en

1212 1420 103 20 Allemagne,
1331 1424 21 14 en
1368 1420 70 17 France.

1235 1446 21 13 30
1270 1441 17 18 h.
1301 1446 21 16 45
1332 1446 5 12 :
1352 1441 79 18 Causerie
1446 1446 30 16 par
1490 1441 26 18 M.
1530 1441 60 18 Déni?.

1235 1468 20 13 h
1269 1463 34 18 h.:
1318 1463 70 21 Reprise
1402 1463 23 18 du
1439 1466 81 15 concert:
1537 1463 70 21 Binche,
1622 1463 67 19 marche
1703 1463 23 20 (O

1213 1485 97 20 Grillaert);
1328 1485 99 21 Trompette
1444 1485 50 17 Blues
1509 1485 79 20 (soliste:
1607 1485 26 19 M.
1649 1486 81 20 Durand)

1214 1507 90 20 (Lîndley)
1309 1511 5 16 ;
1337 1506 82 21 Stepping
1438 1508 37 20 out,
1494 1512 17 15 p.
1531 1506 96 22 xylophone
1649 1507 66 20 (soliste
1725 1513 5 12 :

1213 1529 26 18 M.
1260 1529 91 19 Lombard)
1376 1529 44 20 -.Van
1442 1527 76 23 Champ)
1524 1533 5 16 ;
1551 1529 76 21 Regrçts,
1648 1530 46 18 valse
1714 1535 17 16 p.

1212 1550 105 21 saxophnocs
1338 1550 74 20 (Sike-s);
1436 1550 34 18 Soli
1493 1555 43 16 pour
1555 1550 44 18 deux
1621 1551 60 21 pianos
1702 1556 30 16 p'ir

1213 1572 47 18 MM.
1276 1572 83 17 Branders
1373 1576 18 14 et
1407 1572 49 21 Gras;
1475 1572 57 18 Chant
1548 1577 30 16 par
1594 1573 27 19 M.
1637 1574 95 19 Vrayenne,

1212 1594 86 20 baryton:
1314 1594 53 20 Après
1380 1599 23 12 un
1418 1594 39 18 rêve
1471 1593 79 23 (Fanrii;
1566 1595 28 17 Un
1608 1600 33 16 peu
1655 1595 77 18 d'amour

1212 1616 78 18 (Silesu).
1306 1616 86 20 Quelques
1406 1616 64 17 vieille*
1485 1616 60 18 danses
1554 1621 6 13 :
1576 1617 50 18 Valse
1642 1617 29 18 des
1684 1617 40 17 blon-

1212 1638 29 17 des
1256 1638 87 20 (Gannc);
1358 1638 72 18 Menuet
1443 1638 126 21 (Boccherini);
1585 1639 70 21 Strppin
1668 1641 63 17 sternes,

1211 1660 71 18 secttish
1297 1660 77 21 (Rives),
1388 1660 58 19 Chant
1460 1666 31 15 par
1504 1661 26 18 M.
1543 1661 89 21 Vrayenne
1641 1666 6 13 :
1661 1661 71 18 Comme

1212 1682 32 17 elle
1256 1685 25 14 est
1292 1681 50 19 belle,
1356 1682 12 17 H
1382 1682 69 20 Mouse;
1464 1682 68 18 Tchant
1544 1683 30 17 dès
1587 1683 83 20 Rôbaleu;
1686 1683 37 20 Qua-

1212 1703 48 18 drille
1270 1704 85 20 d'Orphée
1366 1709 34 12 aux
1411 1704 56 18 enfers
1481 1705 114 20 (Offenbach)
1601 1711 4 14 ;
1621 1705 64 21 Wright
1698 1704 33 18 and

1213 1725 71 22 Wright,
1307 1725 50 21 galop
1378 1725 86 22 [Gauwin]
1471 1731 5 16 ;
1501 1727 8 17 I
1531 1724 108 24 Ajipologize,
1662 1727 70 17 fox-trot

1212 1746 123 23 (Hoffmann);
1353 1748 38 17 \ou
1408 1751 28 18 try
1451 1748 91 21 somebody
1558 1749 33 18 else
1609 1749 29 18 'de
1652 1748 60 21 Sylva)
1723 1754 5 13 :

1213 1769 23 17 La
1250 1769 46 17 seule
1309 1774 22 13 au
1348 1769 66 21 monde,
1431 1772 52 18 tango
1496 1771 75 19 (Rotter)
1577 1776 5 14 ;
1598 1771 26 17 On
1642 1771 29 18 the
1685 1773 46 18 spot,

1212 1791 118 20 fong-fox-trot
1348 1791 73 21 (Keyes)
1427 1797 5 16 ;
1451 1792 37 19 The
1505 1793 61 21 Slcepy
1582 1793 59 20 Town,
1658 1797 73 16 exp.eiâ-

1213 1812 69 18 fox-trot
1298 1813 107 21 (Gillepïe).

1235 1839 20 12 23
1270 1834 18 18 h.
1297 1840 5 12 :
1316 1835 71 21 Journal
1401 1835 52 21 par'é.

1235 1856 76 19 Conseils
1325 1857 87 22 pratiques
1426 1858 21 18 de
1463 1857 104 20 f!oricullure
1581 1863 43 15 pour
1639 1857 43 18 iuîn.

1236 1883 19 12 32
1270 1878 17 18 h.
1302 1883 20 12 10
1331 1884 5 13 :
1351 1879 74 21 Disques
1434 1885 5 13 :
1453 1880 85 18 Fantaisie
1551 1885 28 12 sur
1592 1879 96 18 Mam'zel'e
1699 1878 25 19 Ni-

1213 1899 61 19 touche
1294 1900 87 21 (Tavan);
1401 1901 83 19 Sélection
1504 1902 21 18 de
1544 1902 25 18 La
1587 1902 85 18 Mascotte
1689 1901 34 20 (Au-

1212 1921 61 22 dran);
1288 1922 56 19 Ballet
1356 1923 81 19 d'Isoline
1449 1924 110 21 (Messager).

1212 1971 126 20 LONGUEUR
1354 1972 91 20 D'ONDE
1461 1978 6 14 :
1484 1973 50 21 3;)8.a
1550 1978 23 13 m.
1586 1980 24 6 —
1625 1972 19 18 P.
1661 1976 22 14 30
1697 1972 33 18 kw.

1234 1994 77 20 (langue
1324 1994 102 21 jlamande.)

1236 2020 19 13 12
1274 2016 18 18 h.
1301 2021 5 13 :
1325 2016 38 18 Une
1379 2016 104 18 demi-heure
1498 2016 21 17 de
1536 2015 77 21 musique
1629 2020 41 13 avec
1687 2015 44 18 Mlle

1212 2037 96 18 Madeleine
1322 2038 27 18 Dc
1363 2038 78 20 Beurme,
1455 2038 40 20 alto,
1512 2038 25 17 M.
1551 2037 131 21 Vanderperren,
1696 2037 28 17 vio-

1212 2058 98 22 loncelliste,
1325 2063 18 15 et
1358 2060 26 18 M.
1397 2060 64 17 Vander
1476 2059 77 21 Heyden,
1569 2059 155 21 pianiste-composi-

1213 2083 37 15 teur
1259 2086 5 13 :
1280 2081 59 18 Atioso
1355 2081 20 18 rie
1391 2082 16 17 la
1424 2082 67 17 Passion
1508 2082 45 16 selon
1569 2081 46 18 Saint
1618 2082 54 19 -Je-tn,
1688 2086 44 16 pour

1212 2103 57 20 chant,
1286 2103 98 18 violoncelle
1398 2106 18 15 et
1431 2104 51 20 piano
1495 2103 17 21 (J
1520 2103 23 18 -S.
1560 2103 66 20 Bach);
1644 2103 88 21 Iphigénie

1212 2130 21 12 en
1245 2125 67 21 Aulide,
1325 2130 43 16 pour
1380 2125 51 18 chant
1444 2128 18 15 et
1475 2125 51 21 piano
1539 2125 83 20 (Gluck);
1638 2125 93 18 Deuxième

1213 2147 60 17 Poème
1288 2152 42 15 pour
1344 2147 98 17 violonce'le
1456 2149 17 15 et
1486 2147 52 20 piano
1552 2147 29 19 (V.
1596 2147 78 20 Vreuls);
1692 2147 39 18 Ber-

1212 2173 30 12 eeu
1252 2174 9 12 e
1274 2169 31 19 (H.
1317 2169 65 20 Sarly;
1395 2169 27 17 De
1433 2169 79 17 KIokken
1524 2174 33 12 van
1568 2174 53 13 onzen
1633 2169 55 17 Toren
1702 2169 28 20 (E.

1212 2190 108 21 Wanibach),
1335 2195 42 16 pour
1391 2190 51 18 chant
1456 2194 17 15 ct
1486 2191 58 21 piano.

1237 2217 18 12 12
1268 2212 17 20 h.
1299 2216 22 16 30
1330 2217 5 12 :
1351 2212 126 21 Météorologie.

1234 2234 53 20 Après
1296 2239 5 12 :
1319 2234 72 20 Disques
1401 2238 5 13 :
1423 2234 105 17 Intermezzo
1542 2233 21 18 de
1578 2233 94 18 Cavalleria
1688 2234 42 17 Ruî-

1213 2255 56 17 tîcana
1292 2256 6 18 (
1303 2255 85 21 Mascagni
1392 2256 6 18 )
1403 2260 5 16 ;
1432 2255 83 18 Sérénade
1535 2255 98 20 (Schubert)
1638 2261 6 16 ;
1668 2256 64 21 Simple

1211 2282 42 12 aveu
1276 2276 73 21 (Thoraë
1360 2282 6 16 ;
1389 2277 48 18 Salut
1456 2278 78 17 d'amour
1555 2278 66 21 (Elgar)
1627 2283 5 15 ;
1655 2278 32 18 Sur
1706 2284 24 12 un

1211 2299 67 17 marche
1295 2303 60 16 persan
1376 2299 110 21 (Ketelbey);
1509 2300 48 17 Dans
1577 2300 15 18 le
1612 2300 56 20 jardin
1687 2300 43 17 d'un

1212 2320 93 18 monastère
1322 2321 50 21 (id.);
1391 2321 83 20 Wedding
1489 2321 18 18 of
1523 2322 29 17 the
1567 2322 70 20 painted
1653 2322 35 18 doll
1706 2322 25 20 (I.

1212 2343 78 20 Brownï;
1308 2343 69 20 Medley
1389 2343 20 17 of
1422 2343 25 18 olf
1461 2344 53 17 Scnes
1527 2343 49 20 (id.).

1236 2369 19 16 13
1267 2364 17 19 h.
1299 2369 19 13 ro
1328 2370 5 12 :
1346 2365 47 18 Suite
1404 2365 24 18 du
1439 2368 75 15 concert:
1527 2365 88 18 Nocturne
1626 2371 44 16 pour
1679 2366 53 21 piano

1212 2386 114 20 (Rye'andt):
1343 2386 97 21 Arabesque
1456 2392 43 16 pour
1513 2387 51 21 piano
1578 2388 44 19 (Van
1638 2388 30 17 der
1683 2388 40 21 Hey-

1212 2408 51 20 den);
1280 2409 23 17 Ia
1316 2409 46 17 Tour
1373 2409 22 17 de
1407 2409 56 19 Saadi.
1475 2415 43 15 pour
1530 2409 59 22 chant,
1602 2410 99 18 violoncelle
1713 2413 18 15 et

1211 2431 52 19 piano
1274 2430 27 19 (P.
1313 2430 86 20 Lebrun);
1415 2431 28 18 Un
1453 2431 45 21 rêve,
1508 2436 43 17 pour
1562 2432 59 21 chant,
1632 2432 99 18 violoncelle

1210 2456 17 14 et
1240 2453 52 19 piano
1304 2452 123 21 (Moniuszlo),

1235 2479 19 15 13
1271 2474 17 18 h.
1303 2479 22 16 30
1335 2480 5 11 :
1357 2475 73 20 Disques
1439 2479 6 14 :
1461 2474 98 22 Fragments
1572 2475 22 18 de
1607 2475 18 18 la
1639 2475 56 19 Mes*e
1709 2475 21 19 de

1211 2496 128 20 Saint-Hubert,
1355 2502 43 15 pour
1414 2502 36 12 cors
1466 2497 22 18 de
1505 2497 65 20 chase;
1588 2496 34 20 Soi!
1640 2502 43 17 pour
1697 2498 34 17 scie

1212 2518 93 17 musicale:
1328 2518 66 18 B-Tceu.
1392 2523 5 7 c
1399 2524 10 13 e
1429 2519 21 17 de
1468 2519 70 20 Jocelyn
1557 2519 95 20 (Godard);
1673 2520 58 17 Chant

1213 2539 62 18 hindou
1295 2540 22 18 de
1336 2540 57 18 Sadko
1413 2541 189 20 (Rim^ky-Koisakoff)
1608 2546 4 15 ;
1635 2541 34 18 Soli
1688 2547 43 15 pour

1212 2561 104 22 xylopihone;
1331 2562 25 18 La
1370 2562 47 18 boîte
1431 2562 11 18 à
1456 2563 78 20 musique
1548 2563 21 17 de
1584 2563 15 17 la
1616 2562 49 18 Forêt
1680 2563 52 18 Noire

1215 2583 102 21 ■Doppler):
1339 2584 77 17 Poiïsont
1433 2583 38 19 d'or
1489 2584 94 22 (Kruger-;
1603 2585 24 18 Le
1644 2585 49 18 S-cre
1710 2585 21 19 de

1216 2605 45 18 Boris
1275 2605 96 18 Godounow
1384 2606 146 21 (Moussorgsky),

1777 430 9 15 7
1799 425 18 18 h.
1830 430 22 16 45
1862 430 5 13 :
1881 425 70 20 Disque-

1776 448 11 16 S
1799 447 17 17 h.
1826 452 6 13 :
1845 446 121 19 Information!
1985 444 59 18 Revue
2056 443 21 19 de
2089 447 63 17 presse.

1778 474 18 12 12
1811 469 18 17 h.
1838 474 6 12 :
1859 468 104 19 Conféience
1977 468 111 19 protestante.

1777 495 19 12 11
1811 490 18 18 h.
1841 495 23 16 30
1874 495 5 13 :
1894 490 75 20 Disques
1981 492 43 17 pJur
2036 488 17 17 la
2064 487 84 20 jeunesse.
2155 507 5 5 _

1776 513 27 16 Au
1817 517 48 13 cours
1877 512 23 18 du
1915 513 67 16 concert
1991 522 5 5 .
2013 508 118 18 informations
2147 507 106 18 financière*.

1778 534 19 17 IS
1812 534 18 18 h.
1845 539 21 12 30
1876 538 5 13 :
1896 533 53 18 Cours
1962 535 18 14 et
1994 530 119 20 informations
2126 530 80 17 diverses.

1777 560 21 16 19
1813 556 17 17 h.
1840 560 5 13 :
1860 554 145 19 R-jdio-dialoi-ue.

1778 582 19 14 19
1813 577 18 18 h.
1845 582 23 16 30
1876 582 7 13 ;
1898 578 54 17 C*ju;s
1964 573 109 20 d'allemand.

1777 604 20 15 19
1809 599 17 18 h.
1838 604 21 16 45
1869 604 5 13 :
1888 599 58 17 Revue
1957 597 22 18 de
1989 601 55 16 presse
2055 594 116 22 germanique;
2186 598 55 14 cours.

1777 626 21 12 30
1813 621 18 17 h.
1841 626 5 13 :
1864 619 130 20 Radio-théâtre
2003 623 5 13 :
2024 617 60 19 L'Ami
2101 617 47 17 Fritz
2163 616 112 20 (Erckmann-

1755 641 99 23 Chatrian-,
1867 648 31 16 par
1912 643 17 17 la
1941 640 104 21 Compagnie
2059 639 113 20 Dramatique
2185 639 26 18 La
2225 638 50 18 Flûte

1754 664 20 18 de
1786 665 43 18 Pan.

1777 691 21 12 30
1812 686 18 19 h.
1844 691 22 16 30
1875 691 6 13 :
1897 683 127 21 Informations.
2038 682 88 19 Résultats
2139 681 77 22 sportifs.

1777 713 21 12 ïo
1814 708 17 18 b.
1848 714 22 15 40
1880 713 4 13 :
1903 706 101 21 Chronique
2018 710 31 16 par
2062 704 106 21 Dominique
2185 703 83 18 Bounaud

1777 734 20 13 21
1812 730 18 18 h.
1845 735 19 15 15
1874 735 6 13 :
1895 730 57 17 Revue
1965 728 20 18 de
1998 727 15 17 la
2028 732 60 15 presse,

1777 756 20 13 21
1811 751 18 19 h.
1842 757 22 15 30
1874 756 5 14 :
1893 749 103 23 Symphonie
2009 748 90 18 inachevée
2113 746 108 21 (Schubert);
2238 746 36 18 Pel-

1754 773 34 18 léas
1801 776 18 16 et
1832 773 94 18 Mélisar.de
1942 772 31 18 (G.
1986 771 74 20 Fauré);
2076 769 83 19 Sérénade
2173 769 99 20 (Gounod):

1754 795 25 18 Le
1802 795 60 18 Vallon
1885 794 99 20 (Gounod);
2011 793 25 18 La
2061 792 68 18 Précieu
2137 797 10 12 e
2174 790 101 22 (Coupe.in-

1754 817 93 20 Kreisler);
1867 817 78 18 Chanson
1962 815 52 18 Louis
2030 814 53 20 XIII,
2100 819 19 16 p.
2135 811 57 22 vioUlB
2211 813 64 18 iKreis-

1754 838 43 21 ler);
1817 838 70 23 Loreley
1906 839 74 20 (.Liszt);
1999 837 95 17 Ouverture
2110 835 23 18 du
2149 836 55 21 Jeune
2221 835 53 17 Henri

1754 859 86 24 «*
1874 855 5 5 '
1970 878 88 23 ***

1754 911 67 24 Tour
1839 911 76 24 Eiffel
1928 917 7 18 :
1956 909 77 28 id45,8
2049 915 32 16 m.
2099 907 28 24 P.
2144 913 26 17 ia
2186 906 47 24 kw.

1778 943 20 16 iS
1810 942 19 18 h.
1841 947 22 16 45
1873 947 6 13 :
1893 942 27 18 De
1932 942 16 17 la
1960 940 51 19 scène
2021 944 22 12 au
2055 940 74 19 parterre
2143 950 6 7 .

1778 968 20 16 19
1813 964 18 18 h.
1840 969 6 13 :
1861 962 127 20 Informations.

1778 990 19 15 19
1811 986 18 17 h.
1843 991 21 15 45
1874 991 6 13 :
1894 984 95 21 Magazine.

1777 1012 22 13 3o
1812 1008 18 17 h.
1845 1013 22 15 30
1877 1013 5 12 :
1900 1007 79 19 Musique
1993 1004 83 18 ancienne
2091 1006 17 15 et
2121 1004 84 20 classique
2213 1008 6 13 :
2234 1003 39 17 Don

1753 1028 51 21 Juan,
1826 1034 40 14 ouv.
1891 1029 92 19 (Mozait-;
2008 1026 60 18 Rondo
2091 1026 95 19 (Mozart),
2206 1024 65 20 violon;

1754 1051 73 17 Radami
1835 1056 17 13 10
1868 1050 103 20 (Haendel);
1989 1048 74 17 Richard
2079 1047 129 18 Cœur-de-Lion
2225 1046 49 19 (Gré-

1754 1073 47 21 try);
1820 1074 24 17 Le
1861 1073 69 18 Coucou
1950 1069 98 22 (Daquîn);
2068 1069 25 19 Le
2108 1069 103 18 Tambourin
2232 1069 34 18 (Ra-

1754 1100 67 16 meau.;
1837 1095 48 18 Pî-l-ce
1898 1098 43 18 pour
1952 1093 52 20 grand
2017 1096 51 16 orgue
2082 1091 102 20 (Haendel).
2197 1098 24 5 —
2235 1090 32 18 Mu-

1753 1117 49 20 sique
1821 1117 68 21 légère:
1909 1117 24 17 Le
1951 1115 44 18 Caïd
2015 1113 101 21 (Thomas);
2138 1113 24 18 Le
2181 1112 93 18 Tambour-

1754 1139 61 21 Mi-j'ir,
1832 1139 74 20 couplet;
1925 1138 91 20 l.yïi-trata
2034 1136 91 19 (Linckc);
2144 1135 69 17 Aubade
2229 1134 44 21 prin-

1754 1161 63 18 tanière
1834 1161 110 19 (Licsmbe);
1966 1159 43 17 Mon
2028 1158 52 17 vieux
2097 1157 55 21 jardin
2175 1158 96 20 (Dan^ry);

1754 1183 42 18 Mon
1814 1183 38 18 rêve
1871 1182 69 20 (Fucik)
1946 1186 5 16 ;
1971 1180 47 18 C'est
2035 1180 34 17 moi
2085 1179 30 21 qui
2131 1179 33 18 fait
2180 1181 44 17 tout.
2241 1178 33 18 Les

1754 1205 61 20 primes
1836 1210 43 16 pour
1900 1208 38 14 tous
1958 1202 88 21 (Mynel);
2069 1201 73 19 Charme
2162 1201 29 20 des
2211 1201 63 17 sirènes

1753 1227 130 20 (Waldteufei);
1905 1227 57 17 Danse
1980 1224 31 18 des
2029 1223 98 19 sauterelles
2150 1223 104 20 (BuealosM)
2266 1227 5 16 ;

1755 1248 47 18 C'est
1817 1251 29 16 ton
1863 1248 59 20 baiser,
1939 1247 45 17 valse
2000 1247 74 16 musette
2087 1245 107 20 (Armengol)
2198 1248 6 17 J
2224 1244 50 17 Zarta

1756 1271 92 20 (^fariat);
1864 1271 80 17 Rcmord-
1957 1269 21 17 de
1991 1267 99 18 Colombine
2106 1266 93 21 (Dumas);
2215 1266 58 18 Vision

1754 1292 77 20 d'Orient
1844 1292 92 21 (Dumas);
1951 1290 71 18 Marche
2035 1290 79 17 militaire
2127 1288 88 22 (Kunne),

1969 1319 19 20 «
2003 1318 19 21 «
2037 1319 19 20 *

1755 1358 59 24 Lille
1830 1354 198 28 (P.T.T.Nord):
2045 1354 43 29 265
2102 1361 32 17 m.
2147 1352 124 30 P.o.skw.

1777 1393 19 13 13
1809 1388 18 18 h.
1839 1393 21 16 30
1870 1392 6 13 :
1889 1386 72 18 Concert
1971 1384 22 19 de
2004 1384 86 21 disques..

1778 1415 19 15 IS
1810 1410 16 18 h.
1838 1414 22 16 30
1870 1414 5 13 :
1888 1407 77 19 Matinée
1976 1406 89 19 enfantine

1778 1437 20 15 19
1811 1432 18 17 h.
1839 1436 5 13 :
1859 1431 80 20 Disques,

1776 1458 21 13 ao
1810 1453 18 18 h.
1836 1458 6 13 :
1857 1452 80 21 Disques.

1777 1480 21 13 ai
1811 1475 18 19 li.
1844 1479 20 17 15
1874 1478 5 14 :
1894 1474 57 17 Heure
1963 1472 29 18 des
2004 1471 93 18 auditeurs.

1969 1500 19 21 é
2003 1500 19 21 *
2037 1500 19 20 *

1754 1532 241 27 Radio-Strasbourg
2008 1535 7 19 :
2040 1534 64 24 345,2
2125 1535 32 18 m.
2180 1533 26 24 17
2227 1527 44 24 kw.

1777 1563 20 17 18
1809 1563 18 18 b.
1838 1567 23 16 30
1870 1567 5 13 :
1887 1562 94 18 Orchestre.

1778 1589 20 16 19
1815 1584 19 18 h.
1852 1589 37 16 43;
1907 1584 94 17 Ouverture
2017 1581 83 21 héroïque
2118 1580 105 21 (Haendel);
2243 1580 30 18 Air

1753 1606 23 18 du
1796 1606 82 21 vieillard,
1897 1606 21 17 de
1937 1605 77 18 Suzanne
2032 1603 104 21 (Haendel);
2158 1602 75 19 Extraits
2251 1602 22 17 de

1754 1628 60 18 Rienzi
1831 1628 98 22 (Wagnej);
1948 1626 111 19 Tatinhaujer
2075 1625 99 21 (Wagner);
2193 1624 79 18 Chanson

1753 1651 83 19 plaintive
1853 1651 34 19 (M.
1904 1649 67 20 Pessc);
1988 1648 18 18 Si
2020 1647 58 21 j'étais
2094 1647 16 18 le
2126 1652 42 16 page
2184 1647 89 17 charmant

1756 1672 36 20 (M.
1806 1672 68 21 Pesse);
1889 1670 70 20 Marche
1972 1670 90 20 burlesque
2075 1668 81 22 (Suppé'.

1777 1699 22 13 20
1817 1694 18 18 h.
1852 1699 22 16 45
1884 1699 5 13 :
1906 1694 88 17 Orchestre
2010 1691 93 21 municipal
2120 1691 21 18 de
2158 1690 99 21 Strasbourg
2266 1695 5 12 :

1753 1716 24 18 Le
1792 1716 89 21 Prophète,
1896 1715 67 18 marche
1978 1714 23 18 du
2011 1713 55 19 "Sacre
2083 1713 126 20 (Meyeibeer);
2228 1712 44 17 Ouv.

1754 1738 59 18 Rienzi
1833 1737 88 22 (Wagner)
1926 1742 5 16 ;
1953 1737 91 18 Namouna
2066 1735 50 19 (Lalo
2127 1740 7 15 ;
2158 1735 39 17 Dan
2205 1740 10 12 e
2236 1739 30 16 per-

1753 1765 40 13 sane
1807 1760 28 19 (E.
1851 1760 94 19 Guiraudj;
1962 1758 93 18 Invitation
2070 1758 12 17 à
2095 1757 17 18 la
2125 1757 46 18 valse
2185 1756 84 21 (Weber);

1753 1782 50 21 Aida,
1816 1781 67 19 marohe
1897 1781 76 21 (Vcidi).

1969 1802 20 22 e
2002 1799 21 25 *
2036 1801 20 22 *

1754 1843 217 24 Radio-Toulouse
1983 1848 7 18 :
2009 1842 62 28 385.1
2089 1848 32 17 m.
2138 1840 28 25 P.
2184 1846 27 24 15
2227 1839 45 25 kw.

1779 1875 20 17 iS
1814 1874 17 19 h.
1847 1879 21 17 45
1878 1879 5 13 :
1901 1874 88 17 Orchestre
2003 1872 11 18 d
2017 1871 147 22 'opéra-comique.

1778 1901 20 15 19
1814 1896 11 18 h
1840 1901 6 14 ;
1864 1897 54 17 Petits
1932 1894 97 20 ensemb'es.

1778 1923 20 15 19
1811 1918 17 21 h.
1842 1923 19 16 15
1871 1923 5 13 :
1890 1918 73 18 Extraits
1974 1917 21 17 de
2007 1916 52 18 films.

1778 1944 20 16 19
1812 1940 18 18 h.
1845 1945 22 16 45
1876 1945 6 13 :
1898 1939 87 18 Orchestre
2000 1938 83 17 viennois.

1777 1966 21 13 20
1814 1961 17 18 h.
1849 1966 19 16 15
1879 1967 5 13 :
1902 1961 56 18 Chant
1968 1966 5 12 ;
1990 1960 32 18 Les
2036 1964 49 13 noces
2101 1958 22 18 de
2136 1958 97 21 Jrannette,
2248 1958 24 18 lir

1756 1982 85 23 (Massé);
1858 1984 24 17 La
1896 1983 31 19 Vie
1940 1983 22 18 de
1976 1981 74 19 Bohème
2064 1981 97 21 (Puccini);
2178 1981 39 18 Don
2231 1980 34 22 Qui-

1753 2004 57 19 chotte
1824 2005 110 20 (Massenet).

1777 2032 21 13 20
1811 2028 18 18 h.
1843 2033 22 15 30
1874 2033 6 12 :
1894 2026 102 19 Accordéon.

1777 2054 20 12 30
1812 2049 18 18 h.
1845 2054 21 16 45
1876 2054 5 13 :
1899 2049 79 20 Musique
1993 2047 86 18 militaire.

1776 2075 20 13 21
1816 2070 18 19 h.
1844 2076 5 13 :
1869 2070 161 22 Opéras-comiques,
2049 2069 53 18 chant
2110 2073 6 14 :
2137 2068 86 21 Rig-Metto
2242 2068 29 18 (G.

1753 2092 70 22 Verdi);
1842 2092 82 19 Fortunio
1942 2091 100 23 (Messager)
2047 2096 5 16 ;
2071 2092 26 18 La
2113 2091 101 19 Vivandière
2230 2090 35 21 (Go-

1753 2114 59 21 dard).

1776 2141 20 13 31
1813 2136 17 19 h.
1847 2141 20 16 15
1877 2141 6 14 :
1898 2136 81 20 Musique
1994 2135 21 18 de
2030 2134 59 20 d3n=e.

1776 2163 21 13 21
1809 2158 18 19 h.
1839 2163 24 16 .30
1872 2164 6 12 :
1892 2158 88 18 Orchestre
1993 2158 82 19 argentin.

1777 2185 19 13 21
1813 2180 18 18 h.
1847 2185 36 16 45:
1900 2180 70 18 Chant:
1986 2179 81 21 Siegfried
2083 2176 98 24 (Wagner);
2200 2178 24 19 Le
2239 2178 32 17 Roi

1753 2201 42 20 d'Vs
1811 2203 67 19 'Laîo):
1897 2203 24 17 La
1937 2201 49 20 Flûte
2001 2201 93 18 enchantée
2110 2201 83 20 (Mozart)

1776 2228 20 13 22
1812 2224 18 18 h.
1839 2228 6 14 :
1860 2224 88 18 Orchestre
1961 2223 129 21 symphonique.

1776 2250 20 13 2a
1815 2246 18 18 h.
1853 2251 19 16 15
1882 2251 5 12 :
1906 2246 87 17 Orchestre
2001 2250 7 13 ;
2025 2245 17 18 Si
2057 2245 58 20 j'étais
2133 2244 30 20 roi,
2180 2250 41 14 ouv.
2240 2243 30 22 (A.

1754 2267 73 21 Adam);
1841 2268 26 18 La
1880 2268 42 18 FV.Ie
1934 2268 23 17 du
1971 2267 94 21 Régiment,
2079 2272 40 14 ouv.
2136 2267 113 21 (Donizetti),

1776 2294 20 13 23
1810 2290 18 18 h.
1841 2295 21 15 45
1872 2295 6 13 ;
1892 2290 57 17 Chant
1960 2289 107 21 d'opérettes.

1776 2316 21 15 3.1
1810 2311 18 18 h.
1838 2316 6 13 :
1858 2312 57 18 Heure
1928 2311 29 18 des
1970 2311 92 18 auditeur*.

1776 2333 27 19 De
1815 2338 11 13 0
1839 2334 18 17 h.
1870 2338 22 17 05
1904 2333 12 18 à
1927 2338 12 13 o
1950 2333 18 18 h.
1980 2338 22 15 3a
2010 2337 6 14 :
2030 2332 81 22 Musique
2122 2332 81 22 anglaise.

1962 2361 20 22 *
2002 2361 21 22 #
2044 2361 20 20 *

1758 2401 161 30 Langenberg
1932 2407 7 18 :
1955 2407 61 23 472,4
2030 2408 32 16 m.
2077 2400 27 25 P.
2117 2407 26 23 17
2155 2401 47 24 kw.

1777 2437 10 16 7
1800 2432 19 19 h.
1832 2438 22 16 05
1863 2438 6 13 :
1884 2432 79 23 Disques,

1777 2458 9 16 7
1800 2454 18 18 h.
1831 2460 23 16 30
1863 2460 5 12 :
1884 2455 78 18 Concert.

1778 2480 18 13 ï2
1810 2476 18 18 h.
1837 2481 6 13 :
1856 2476 79 19 Concert.

1777 2502 20 15 13
1812 2497 12 18 h
1840 2503 6 13 :
1862 2498 78 21 Concert,

1778 2524 19 15 17
1810 2519 19 18 h.
1838 2525 5 12 :
1859 2519 93 19 Orchestre,
1965 2519 57 19 soliste
2031 2524 5 13 :
2052 2518 21 19 0.
2085 2518 71 22 Wetzel,
2170 2518 79 23 pianiste.

1776 2546 21 13 20
1812 2541 18 18 h.
1839 2546 5 13 :
1862 2543 63 15 I*-.;*-:"*;
1940 2541 90 18 viennoise-
2041 2546 5 13 :
2059 2542 43 20 Jean
2117 2542 72 18 Strau.'s.

1776 2568 8 12 2
1788 2568 8 13 2
1805 2563 16 19 h,
1842 2568 21 13 20
1873 2568 5 14 :
1899 2563 87 18 Orchestre
1994 2568 5 13 :
2018 2563 93 20 Nouvelles
2127 2564 23 17 du
2168 2563 45 21 jour,
2231 2568 40 13 ouv.

1755 2585 129 20 fHindcmith);
1898 2586 24 17 La
1934 2585 27 18 val
1968 2591 11 12 e
1990 2585 61 19 (Rave!
2063 2591 5 14 ;
2084 2586 70 17 Scherzo
2167 2586 102 19 (Pfitzner);

1754 2607 102 21 Pcrpetuum
1871 2607 61 19 mobile
1944 2607 92 22 (Strauss);
2052 2607 154 22 Tritsch-Tratsch,
2220 2607 51 22 polka

1310 3136 52 38 LA
1379 3129 227 47 SYNTHÈSE
1638 3138 56 38 DE
1724 3139 124 38 DEUX
1882 3139 296 40 TECHNIQUES

1352 3191 79 19 Veuillez
1446 3192 98 21 m'envoyer
1558 3197 40 13 sans
1613 3192 47 19 frais,
1675 3193 17 16 ni
1700 3195 122 19 engagement,
1835 3193 16 17 la
1863 3194 59 17 notice
1934 3193 23 18 de
1968 3196 50 16 votre
2030 3200 79 13 nouveau
2122 3198 51 18 poste

1319 3218 9 11 *
1334 3219 138 19 SL'PERECRAN
1479 3220 35 19 325
1521 3220 6 9 '
1534 3221 30 21 qui
1571 3220 57 18 réunit
1634 3220 25 18 les
1665 3221 74 20 qualités
1746 3220 31 19 des
1787 3221 103 21 techniques
1898 3221 113 19 américaines
2019 3225 19 15 et
2047 3223 120 21 européennes

1518 3261 87 15 IMPASSE
1618 3263 26 13 DS
1657 3261 115 17 L'HOPITAL,
1790 3262 31 17 10,
1838 3263 125 15 BRUXELLES.
1977 3268 8 8 •
1998 3261 43 18 TÉL.
2047 3267 4 12 I
2071 3263 100 16 11.04.9»

1323 3333 98 21 ADRESSE;

1322 3374 69 18 VILLE:
1405 3385 25 5 —
1429 3386 7 5 .

133 4734 1059 38 •^•^♦•♦«««^♦•♦^•^^^^•^o^o^^^O^^^^^M^o^-]^^

1238 3445 20 16 17
1274 3440 18 19 h.
1301 3446 6 13 :
1325 3441 88 19 Orchestre
1429 3443 129 22 <ymphonîque,
1572 3444 32 19 dir.
1621 3444 26 19 M.
1664 3444 67 19 Meule*

1214 3465 47 15 mans
1270 3468 5 13 :
1295 3468 64 13 œuvres
1376 3464 22 18 de
1415 3464 67 19 Delibes
1491 3471 6 13 :
1516 3466 84 17 Fantaisie
1617 3472 29 12 sur
1663 3466 66 22 Coppé-

1215 3484 29 20 lia;
1260 3484 51 19 Fant.
1323 3490 28 13 sur
1363 3485 72 22 Lakmé;
1452 3487 53 18 Ballet
1518 3488 21 17 dc
1552 3488 63 21 Syivia.

1237 3510 20 16 17
1272 3506 18 19 h.
1303 3512 20 15 45
1333 3512 6 13 :
1355 3508 75 18 Matinée
1444 3509 94 18 enfantine.

1238 3529 19 16 iS
1272 3528 11 17 h
1302 3533 21 12 20
1333 3533 5 13 :
1352 3529 78 18 Causerie
1443 3535 30 15 par
1485 3531 15 17 le
1513 3531 19 18 P.
1545 3531 74 18 Morlîon

1238 3550 20 16 iS
1273 3549 18 18 h.
1307 3555 21 15 35
1339 3555 5 13 :
1360 3551 77 18 Matinée
1450 3552 114 18 estudiantine
1573 3558 5 13 :
1596 3553 85 21 Strijdlied
1696 3559 33 13 van

1214 3571 13 17 't
1240 3570 15 20 I.
1268 3571 22 18 K.
1304 3572 21 18 V.
1338 3572 29 18 A.:
1382 3573 32 17 Dit
1426 3572 14 18 b
1452 3573 21 19 de
1485 3573 38 22 dag,
1535 3575 46 18 récit.
1597 3575 30 19 (C.
1641 3575 87 21 Eeckets-;

1215 3593 25 17 De
1253 3593 92 21 Booglamp
1364 3594 21 18 L.
1400 3595 97 20 Reypens);
1511 3596 25 21 St.
1548 3597 32 20 J=n
1596 3597 135 19 Berchmanslied

1216 3615 28 18 (A.
1258 3615 126 21 Meulemans);
1398 3616 25 19 St.
1435 3617 128 21 Stephanuslied
1574 3619 27 18 (L.
1614 3619 26 18 De
1652 3620 76 20 Vo?ht):

1214 3637 28 20 Gij
1258 3637 30 20 ziji
1304 3637 64 21 Kining
1383 3638 30 18 (L.
1428 3639 86 20 Reypens)
1520 3645 5 15 ;
1542 3640 26 18 De
1584 3641 75 20 Rîddere,
1674 3642 57 18 chreur

1214 3659 79 21 récitant;
1319 3659 77 21 Zegelied
1418 3660 114 19 (Michielsen.
1538 3667 5 15 ;
1566 3662 15 18 O
1602 3663 129 20 Hemelmondi*

1213 3685 68 16 manna,
1299 3680 89 19 récitation
1404 3682 29 18 (G.
1449 3683 72 19 Geaelle)
1527 3688 6 15 ;
1551 3683 135 21 Communielied
1702 3686 28 18 (A.

1214 3702 26 18 De
1256 3702 96 22 Coninck);
1371 3703 22 19 O.
1411 3704 20 19 L.
1448 3704 61 18 Vrouw
1525 3710 34 13 van
1576 3707 104 18 Vlaandcren
1701 3708 29 20 (L.

1213 3724 26 18 De
1251 3724 54 21 Vogh:
1309 3725 8 19 )

1237 3750 20 16 19
1273 3746 17 18 h.
1306 3751 23 17 Jf>
1338 3751 6 13 :
1359 3747 70 20 Journal
1445 3748 51 20 parlé.
1514 3748 44 18 Pour
1571 3749 17 18 la
1604 3750 62 19 femme
1680 3753 18 16 et
1714 3751 17 18 la

1214 3768 70 20 famille,
1299 3773 31 16 par
1344 3769 48 18 Mme
1408 3769 71 18 Yvonne
1494 3770 26 18 De
1537 3770 48 19 Man.

1236 3794 22 13 20
1277 3790 18 18 h.
1304 3795 6 13 :
1332 3790 89 19 Orchestre
1438 3791 131 21 symphonique,
1589 3792 32 19 dir.
1642 3793 26 18 M.
1688 3794 42 21 Jein

1213 3811 67 21 Kumps
1289 3817 5 13 :
1314 3817 65 13 œuvres
1397 3813 21 17 de
1437 3813 28 19 Fr.
1483 3813 82 18 Schubert
1574 3819 5 13 :
1599 3814 93 19 Ouverture
1709 3821 21 12 en

1213 3833 44 20 style
1275 3834 67 20 italien;
1362 3834 105 22 Symphonie
1483 3835 97 21 inachevée;
1601 3836 69 19 Marche
1688 3838 36 17 mili-

1213 3855 48 19 taire.

1237 3882 20 12 21
1273 3876 19 19 h.
1301 3882 6 14 :
1321 3877 79 20 Concert,
1415 3883 41 13 avec
1471 3878 48 18 Mme
1533 3879 145 21 Mdons-Xaegels.
1694 3886 30 12 can-

1213 3899 66 21 tatrice,
1291 3902 17 15 et
1322 3899 43 18 Mlle
1378 3900 55 17 Maria
1445 3900 37 17 Van
1495 3900 95 20 Bunderen,
1604 3902 97 20 cantatrice,
1715 3905 17 15 et

1213 3920 23 17 du
1248 3925 63 16 groupe
1325 3926 11 11 «
1345 3922 55 19 Posen
1408 3926 15 16 ».
1438 3921 41 18 Lied
1489 3927 5 13 :
1508 3922 38 18 Hoe
1558 3927 86 16 eenzaam;
1659 3924 57 17 Chant
1726 3929 5 13 :

1213 3942 51 20 Jezus
1279 3948 21 12 en
1315 3942 22 20 de
1353 3943 40 20 ziel;
1411 3943 16 18 O
1444 3944 48 17 Pèrel
1510 3944 18 21 je
1544 3944 24 18 les
1583 3945 51 17 aïmel
1655 3945 74 18 Pardonl

1214 3963 57 18 Chant
1280 3969 5 13 :
1303 3965 52 18 Parce
1370 3965 82 21 Domine;
1470 3971 51 16 orgue
1530 3971 5 13 :
1551 3966 54 21 Largo
1620 3966 21 18 de
1656 3967 76 18 Haendel

1213 3985 69 21 (disque
1289 3986 16 20 ).

1236 4012 20 13 22
1273 4008 19 18 h.
1301 4012 7 15 :
1324 4008 77 21 Journal.

1237 4034 20 12 32
1277 4029 18 18 h.
1316 4035 34 13 10:
1370 4030 88 21 Disques:
1476 4030 71 21 Vienne,
1566 4030 16 18 la
1601 4031 38 18 nuit
1657 4031 62 19 (Stolzl
1725 4038 4 14 ;

1213 4050 47 18 Saut
1274 4051 12 17 à
1297 4051 65 19 Vienne
1375 4052 101 21 (Kalman);
1493 4052 83 19 Sélection
1589 4053 21 18 de
1623 4053 53 20 valses
1691 4054 42 20 (Ro-

1213 4071 78 22 brecht);
1308 4073 62 18 Arfcres
1384 4079 21 13 en
1421 4075 51 17 fleurs
1490 4075 73 19 (Stolz);
1579 4075 21 21 Je
1615 4075 78 18 voudrais
1709 4081 16 12 re-

1212 4094 37 18 voir
1266 4094 81 22 Grinzing
1365 4096 116 21 (Benatzky);
1501 4097 24 17 Le
1542 4096 76 21 Coucou,
1635 4097 46 18 valse
1697 4098 35 20 (Jo-

1213 4117 80 18 nas-*on):
1310 4117 41 17 Mon
1366 4117 66 21 Trésor,
1447 4118 45 19 valse
1507 4119 26 20 (J.
1547 4119 84 21 Strauss);
1647 4119 86 22 Légendes

1213 4137 20 19 de
1248 4138 16 18 la
1278 4138 50 19 Forêt
1340 4139 90 18 Viennoise
1443 4141 23 20 (J.
1481 4140 85 21 Strauss).

1422 4161 20 21 *
1464 4160 21 23 *
1507 4161 18 22 a)

1213 4191 387 27 Radio-Schaerbeek-Bruxelles
1607 4202 6 17 :
1629 4201 64 23 245,9
1701 4202 32 17 m.

1237 4227 18 13 12
1273 4223 18 18 h.
1300 4228 5 13 :
1324 4223 149 22 Concert-apéritif
1489 4226 95 18 commenté
1600 4229 17 15 et
1633 4227 52 20 dirigé
1702 4232 30 16 par

1213 4244 63 18 Marcel
1294 4245 79 20 Antoine,
1388 4246 107 21 Programme
1511 4248 21 18 de
1548 4248 78 21 musique
1643 4248 55 19 variée
1715 4251 17 16 et

1211 4266 61 17 chants
1285 4267 61 19 divers.

1236 4293 20 14 13
1269 4288 18 18 h.
1299 4294 21 15 45
1330 4294 6 13 :
1350 4289 31 17 Fin
1394 4289 23 18 du
1428 4291 150 20 concert-apéritif.
1591 4291 140 21 Communiqués.

1223 4330 5 6 _
1237 4314 19 16 13
1269 4310 17 18 h.
1301 4311 21 19 48
1331 4315 6 13 :
1352 4311 122 20 Informations
1485 4312 74 19 diverses
1571 4316 18 15 et
1602 4314 73 18 causerie
1688 4314 36 18 d'in-

1212 4330 43 19 térêt
1267 4332 51 18 social

1237 4357 21 17 14
1273 4352 18 19 h.
1300 4358 6 14 :
1324 4354 32 18 Fin
1371 4354 22 19 de
1408 4354 99 20 l'émission.

1428 4377 19 20 *
1462 4378 19 20 «
1496 4377 20 21 *

1212 4403 186 25 Binche-Radio
1411 4412 7 17 :
1433 4412 80 22 219,50
1524 4414 32 16 m.
1569 4406 20 24 P
1609 4413 36 22 0,3
1658 4407 45 23 kw.

1236 4439 21 13 30
1279 4434 18 19 h.
1305 4440 7 13 :
1334 4435 74 20 Concert
1430 4441 32 16 par
1483 4437 70 18 l'Union
1577 4438 90 19 Binchoise
1689 4443 43 17 pour

1212 4456 104 18 l'Extension
1329 4457 23 18 du
1367 4457 103 20 Commerce.

1427 4479 20 22 *
1460 4479 21 23 é
1495 4479 20 22 •

1212 4506 385 28 Radio-Conférence-Bruxelles
1617 4516 8 17 :
1643 4511 43 23 -316
1699 4519 31 17 m.

1235 4543 19 12 13
1271 4538 11 17 h
1298 4543 5 14 :
1322 4538 98 19 Récréation
1437 4540 104 18 commentée
1556 4545 31 16 par
1602 4540 79 20 Faustus.

1235 4564 20 16 13
1269 4560 18 18 h.
1296 4564 6 14 ;
1317 4560 77 19 Matinée
1405 4561 88 19 enfantine
1506 4567 41 12 avec
1561 4562 16 18 le
1590 4562 53 19 clown
1657 4564 29 21 jo.

1235 4586 19 16 13
1266 4582 18 18 h.
1295 4587 22 16 30
1327 4587 5 13 :
1346 4583 106 21 Programme
1463 4584 30 18 des
1502 4584 93 23 auditeurs.

1235 4608 20 16 14
1270 4603 18 20 h,
1298 4609 6 13 :
1318 4604 128 19 Informations.
1461 4605 100 22 Spectacles.

1235 4630 20 12 20
1268 4625 18 19 h.
1298 4630 22 17 45
1329 4631 6 13 :
1350 4626 72 19 Concert
1435 4627 52 18 varié.

1234 4652 20 13 21
1270 4647 33 19 h.:
1320 4648 104 18 Récitations
1439 4654 31 16 par
1483 4649 44 19 Mlle
1541 4648 77 21 Suzanne
1634 4650 25 19 Bl.
1666 4663 5 5 .

1234 4674 21 13 ai
1268 4669 19 19 h.
1300 4674 22 16 45
1331 4675 6 13 :
1352 4670 72 18 Concert

1235 4696 20 12 23
1270 4691 18 18 h,
1297 4696 6 13 :
1318 4692 88 18 Diffusion
1419 4692 23 18 du
1457 4692 90 19 Marathon
1560 4692 21 19 de
1594 4692 57 20 dan.-e.

1235 4717 20 13 23
1270 4713 17 19 h.
1301 4718 21 16 45
1332 4718 6 14 :
1351 4714 127 19 Informations.

1199 4752 15 20 «
1218 4753 113 20 •»•»•>»
1334 4754 72 19 mata-
1411 4754 36 20 •«
1450 4754 36 20 m*
1489 4754 36 20 •«
1527 4754 37 20 o»

1751 3445 23 18 du
1788 3444 90 19 Chevalier
1890 3444 72 21 Pasnma
1965 3445 60 22 •(!<!.).

1776 3472 19 16 23
1809 3468 17 17 Ii.
1842 3473 18 16 15
1871 3473 4 12 :
1889 3468 56 18 Relais
1956 3468 42 18 d'un
2011 3470 74 19 concert.

1968 3503 19 22 «
2003 3503 18 22 *
2036 3504 19 21 «

1754 3532 125 30 Daventry
1900 3532 94 30 (progr.
2012 3533 105 27 mtion.)
2133 3540 8 18 :
2169 3540 55 24 1554
2240 3541 26 17 m

1781 3563 79 25 Puiss.
1874 3572 7 15 :
1898 3571 29 21 35
1942 3565 46 23 kw,

1777 3599 19 13 12
1812 3594 17 19 h.
1839 3600 5 12 :
1860 3595 72 18 Concert
1942 3600 6 13 :
1964 3595 48 18 Trois
2027 3595 60 21 danses
2102 3596 106 22 (Smetana);
2225 3597 47 19 Salut

1752 3615 11 18 d
1770 3622 59 12 amour
1846 3616 78 23 (Elgar);
1941 3617 25 18 La
1979 3623 36 13 rose
2027 3618 22 18 de
2064 3619 103 18 Samarkand
2182 3619 78 21 (Coates)
2266 3625 5 15 ;

1752 3637 108 22 Chopiniana
1880 3640 42 18 (2rr.
1943 3639 73 21 Finck);
2037 3640 25 18 La
2081 3641 74 17 chanson
2175 3641 23 18 du
2219 3642 54 17 maria

1752 3659 124 21 (Schumann);
1891 3661 26 19 La
1926 3666 59 14 source
1998 3662 95 21 (Delibet);
2108 3663 80 18 Chanson
2200 3663 30 18 des
2240 3663 26 18 .sol-

1752 3681 39 19 dais
1802 3682 83 21 (Gungl).

1777 3708 20 16 13
1812 3704 32 18 h.:
1860 3704 104 19 Orchestre;
1978 3705 45 18 Ouv.
2039 3706 64 20 Zampa
2119 3706 93 22 (Hérold);
2228 3707 46 18 Avec

1754 3725 96 19 l'orchestre
1867 3726 29 18 des
1913 3727 67 20 Gip-ies
1997 3727 113 21 iHelmund);
2129 3728 24 17 Le
2169 3729 40 17 chat
2224 3732 17 14 et
2258 3729 17 17 la

1753 3747 54 17 fouris
1823 3747 122 22 (Engieman);
1962 3749 69 20 Hymne
2043 3755 22 12 au
2080 3750 48 18 soleil
2145 3751 6 13 <'
2154 3750 84 18 Korsakof
2239 3751 16 20 f)
2267 3756 5 15 ;

1752 3768 33 19 Les
1795 3769 66 20 cloches
1871 3770 21 18 de
1905 3771 40 17 Bow
1956 3771 101 21 (Sullivan?;
2071 3772 49 18 Vabe
2131 3772 81 20 (Wolff);
2226 3773 48 18 Dans

1753 3795 24 13 un
1790 3791 55 20 jarxiin
1861 3797 59 15 persan
1938 3792 116 22 (Lehmann);
2072 3793 81 21 Musique
2166 3795 55 18 variée
2234 3795 41 19 (arr.

1754 3812 60 18 Somer.
1820 3813 18 20 );
1852 3814 24 17 La
1888 3814 46 20 pluie
1946 3820 29 12 sur
1986 3814 16 19 le
2015 3816 31 17 toit
2062 3816 86 21 (Ronelï).
2174 3815 8 15 *

1778 3839 20 16 14
1812 3835 18 19 h.
1843 3840 22 16 30
1875 3840 5 13 :
1895 3836 75 21 Diction.

1779 3861 19 16 15
1812 3857 11 17 h
1838 3862 7 13 ;
1860 3857 66 19 Service
1940 3858 86 20 religieux.

1779 3880 19 15 16
1813 3878 17 18 h.
1845 3884 21 15 03
1877 3884 5 12 :
1897 3879 95 20 Orchestre,

1778 3901 20 16 16
1821 3900 17 18 b.
1861 3906 22 15 30
1892 3906 5 12 :
1920 3901 89 19 Orchestre
2017 3914 6 6 .
2044 3901 16 19 Il
2082 3902 93 20 Trnvatore
2197 3903 64 19 (Verdn
2267 3909 5 15 ;

1754 3921 58 18 Arioso
1828 3923 95 21 (Delibes);
1940 3923 80 18 Chanson
2036 3924 55 21 triste;
2109 3925 118 20 Humore^que
2244 3926 31 19 (A.

1755 3943 86 21 Dvorak).

1779 3965 19 17 18
1812 3965 18 19 h.
1845 3970 22 16 30
1876 3971 6 13 :
1898 3967 32 17 Les
1944 3966 48 19 bases
2005 3966 22 19 de
2041 3967 16 18 la
2070 3968 85 22 musique.

1778 3991 21 13 30
1816 3987 17 18 h.
1843 3993 5 12 :
1867 3988 109 21 Monologue.

1778 4013 19 12 31
1811 4008 18 18 h.
1843 4014 22 16 40
1874 4015 6 12 :
1895 4009 72 21 Récital,

1778 4034 19 13 23
1811 4030 17 18 h,
1841 4035 22 16 30
1873 4036 5 12 :
1892 4031 66 18 Service
1971 4032 86 21 religieux.

1777 4055 20 14 2ï
1810 4051 18 18 h.
1841 4057 21 16 45
1873 4058 5 12 :
1891 4053 71 19 Danses.

1971 4076 19 19 «
2005 4075 19 21 #
2039 4076 19 20 *

1755 4100 98 25 Huizen
1866 4110 7 17 :
1893 4104 55 28 1875
1963 4111 33 18 m.
2010 4104 28 25 P.
2051 4106 37 27 8,5
2103 4108 25 21 et
2142 4106 29 23 60
2186 4106 46 24 kw.

1778 4136 9 16 7
1800 4132 18 18 h.
1830 4138 22 15 40
1863 4137 17 15 et
1893 4139 11 15 9
1915 4135 18 17 h.
1945 4139 22 16 40
1976 4139 6 14 ;
1995 4135 81 22 Disques.

1779 4158 20 13 ïo
1813 4154 17 19 h.
1845 4160 21 16 25
1876 4161 5 12 :
1898 4156 79 21 Di=ques.
1994 4154 4 13 '■
2005 4162 4 13 i

1779 4180 18 12 it
1812 4176 11 17 h
1846 4181 34 13 10:
1896 4177 79 19 Causerie
1989 4178 93 22 religieuse.

1779 4201 18 13 u
1812 4197 17 18 h.
1842 4203 21 16 55
1873 4204 5 12 :
1893 4199 88 19 Orchestre
1994 4200 23 18 du
2031 4201 54 18 KRO.

1779 4223 19 15 17
1815 4219 18 18 h.
1848 4225 35 16 25.
1902 4221 67 18 Piano:
1987 4222 103 18 Méditation
2108 4222 120 22 (Bcvcrwvk'i;
2246 4223 20 18 In-

1755 4242 83 16 termezzo
1858 4242 51 20 (id.);
1930 4243 57 18 Dai-ue
2004 4243 30 19 des
2051 4244 70 21 sylphes
2139 4245 51 20 (id.);
2211 4245 65 21 Quatre

1754 4262 56 20 pièces
1827 4268 42 15 pour
1888 4264 52 21 piano
1956 4265 86 21 (Kuiler-;
2063 4266 65 18 Thème
2147 4270 17 14 et
2182 4267 93 18 variations

1754 4283 115 22 (Kerrebyn);
1884 4286 90 18 Habanera
1988 4287 27 19 *de
2028 4288 66 21 Cocq);
2110 4289 41 17 Rîta
2166 4289 25 18 (id
2200 4289 16 19 ).

1779 4310 19 16 19
1813 4306 18 18 h.
1846 4311 36 16 40.
1899 4307 63 18 Chœur
1974 4312 17 14 et
2005 4309 72 18 soliste:
2093 4310 56 18 Prière
2166 4311 106 19 (Haendell;

1754 4327 44 19 Ecce
1815 4329 86 20 quomodo
1916 4331 72 17 moritur
2003 4332 104 20 (Haende!);
2127 4333 78 18 N'iramer
2222 4333 53 18 nacht

1754 4348 117 22 (Andrissen);
1890 4351 26 18 Ai.
1934 4352 22 17 de
1971 4352 16 18 la
2003 4356 68 16 cintate
2085 4354 66 18 Vondel
2166 4355 30 17 (R.
2212 4355 43 18 Hol)
2267 4359 5 16 ;

1754 4371 55 19 Soirée
1822 4372 46 19 d'été
1885 4373 90 20 (Olman):
1993 4374 48 20 Dans
2055 4375 17 18 la
2090 4376 43 18 forêt
2152 4377 60 19 iHol).

1777 4399 20 13 31
1815 4394 18 19 b.
1853 4399 20 13 10
1882 4400 5 12 :
1907 4395 48 19 Suite
1972 4395 23 19 du
2012 4400 68 15 concert
2090 4404 5 11 :
2114 4398 27 19 De
2158 4399 57 18 liefste
2233 4399 41 18 Plek

1754 4422 3 8 •
1760 4415 75 20 Laser):
1853 4416 68 18 Goedcn
1936 4418 51 18 nacht
2004 4419 83 18 (Roe-ke)
2093 4424 5 16 ;
2115 4420 27 21 Op
2158 4421 30 17 het
2202 4421 72 18 kerkhof

1753 4438 29 18 fde
1796 4438 80 21 Vliegh);
1895 4439 72 18 Wensch
1986 4440 30 20 (R.
2033 4441 53 20 Hol):
2105 4442 46 18 Ailes
2166 4443 41 17 Ireft
2222 4443 50 18 {id.:

1754 4460 26 17 De
1793 4460 55 18 Storm
1862 4460 51 21 (id);
1930 4461 26 18 De
1969 4462 86 19 Noordzcc
2068 4463 115 21 (Zijdelaan);
2199 4464 75 19 Domine

1753 4487 17 12 sa
1772 4482 5 17 I
1779 4487 19 12 va
1800 4487 17 12 m
1832 4483 27 17 fac
1874 4483 73 18 recinam
1965 4483 86 22 iGîesem;
2067 4485 72 19 Psaume
2153 4486 38 21 146.

1776 4508 20 13 22
1810 4503 18 20 h.
1843 4509 20 13 10
1872 4509 5 14 :
1891 4505 79 21 Disques.

1970 4526 19 14 *
2004 4526 19 22 «
2037 4527 20 21 *

1754 4553 77 25 Rome
1844 4561 7 17 :
1868 4562 41 22 441
1925 4562 32 18 m.
1972 4555 27 24 P.
2015 4562 27 22 75
2056 4558 46 22 kw.

1799 4590 21 16 17
1840 4585 18 20 h.
1878 4590 37 17 30:
1937 4585 72 20 Concert
2028 4588 55 19 vocal.
2102 4588 33 19 Sél.
2153 4588 22 20 de
2194 4589 64 22 l'opérn
2265 4598 8 10 .-

1753 4606 72 19 Zanetto
1839 4606 104 23 (Mascagni)

1777 4633 20 15 17
1812 4628 18 19 h.
1846 4634 21 15 45
1877 4634 5 13 :
1897 4629 73 18 Concert
1983 4629 52 19 varié.

1776 4655 21 12 20
1812 4650 17 18 h.
1839 4655 5 14 :
1859 4651 80 20 Disques.

1776 4676 22 13 20
1811 4672 17 18 h.
1842 4677 21 16 45
1874 4677 5 13 :
1893 4672 73 18 Concert
1978 4672 24 19 du
2013 4673 90 19 violoniste
2115 4674 58 21 Arrigo
2187 4675 64 19 Serato.

1776 4698 19 12 21
1810 4693 18 19 h.
1841 4699 22 16 45
1873 4699 5 13 :
1893 4694 84 21 Papillon,
1990 4694 76 19 eomêdie
2077 4701 22 13 en
2112 4701 22 13 un
2148 4699 44 17 acte,

1772 4719 20 14 ai
1808 4715 18 18 h.
1840 4720 36 17 30:
1893 4715 73 20 Concert
1980 4716 52 18 varié.

449 4817 31 32 Sï
491 4819 35 39 je
541 4825 111 34 pouvais

414 4855 160 28 Seulement-
598 4866 52 20 me

414 4886 189 32 débarrasser
613 4890 37 30 de

414 4923 44 28 cet
475 4923 114 28 affreux
603 4933 48 20 nez

414 4955 91 30 brillant
512 4957 27 28 et
545 4957 33 28 de
590 4957 61 29 cette

414 5000 69 28 peau
494 4990 163 38 graisseuse*

215 5341 36 21 Un
269 5345 44 22 peu
332 5340 28 20 de
382 5341 152 26 transpiration
552 5352 29 16 en
602 5348 55 20 dan-

184 5373 54 20 gant
245 5372 23 20 et
281 5371 40 20 elle
331 5370 53 21 s'est
396 5376 90 21 aperçue
498 5380 41 20 que
550 5383 39 15 son
600 5378 59 21 teint

185 5402 57 20 était
250 5400 80 22 abîmé.
342 5400 44 21 Son
396 5406 40 15 nez
446 5401 80 23 brillait
535 5406 22 19 et
566 5412 25 16 sa
600 5413 57 20 peau

185 5432 57 20 était
268 5431 119 26 graisseuse
410 5431 24 20 et
457 5431 72 25 Jaune.
554 5435 26 21 Se
602 5442 44 20 pou-

185 5462 50 20 drer
249 5462 95 20 souvent
360 5460 102 21 semblait
479 5462 55 20 alors
549 5469 27 16 ne
592 5467 66 20 servir

185 5489 28 20 de
224 5490 52 20 rien.

728 5348 38 25 Or,
773 5353 30 15 un
810 5349 137 25 pharmacien
954 5351 30 19 lui
992 5351 61 24 parla
1060 5351 52 20 d'un
1119 5356 44 15 nou-

700 5373 36 20 vel
742 5374 24 19 et
773 5374 136 20 merveilleux
917 5375 120 25 Ingrédient
1044 5376 79 25 déposé
1129 5382 42 20 que

700 5398 98 20 contient
805 5398 21 20 la
834 5399 84 20 Poudre
924 5400 104 25 Tokalon,
1036 5401 38 24 qui
1081 5401 41 20 fait
1129 5407 42 20 que

700 5422 22 20 la
735 5423 82 25 poudre
831 5423 63 24 tient,
907 5425 70 20 même
990 5430 40 20 par
1042 5425 20 21 le
1075 5427 54 19 vent
1141 5431 29 15 ou

700 5452 41 19 par
749 5452 29 14 un
788 5448 70 23 temps
868 5448 101 24 pluvieux
978 5451 22 18 et
1008 5455 27 15 en
1044 5450 61 25 dépit
1113 5450 27 20 de
1148 5451 22 20 la

700 5471 154 25 transpiration
870 5473 121 25 provoquée
1006 5479 40 20 par
1059 5475 22 20 la
1096 5475 74 24 danse,

699 5500 30 15 ou
740 5500 27 15 en
778 5500 23 16 se
812 5496 81 20 livrant
904 5497 12 19 à
928 5498 37 19 des
976 5500 70 23 sports
1057 5499 111 25 fatigants.

1240 5352 37 21 Au
1293 5352 44 20 lieu
1354 5352 123 21 d'obstruer
1493 5354 30 21 les
1541 5360 62 19 pores
1621 5357 27 19 de
1665 5358 22 21 la

1213 5382 64 26 peau,
1287 5377 22 20 la
1320 5376 85 21 Mousse
1415 5377 28 20 de
1453 5377 74 21 Crème
1537 5384 43 20 que
1589 5382 99 21 contient

1213 5397 22 25 la
1253 5402 84 20 Poudre
1352 5401 105 24 Tokalon,
1473 5402 22 21 la
1508 5403 82 20 célèbre
1604 5407 83 22 poudre

1213 5427 121 25 parisienne
1350 5426 46 25 agit
1412 5431 83 15 comme
1511 5432 30 15 un
1558 5428 90 26 tonique
1663 5432 25 19 et

1213 5456 39 15 son
1265 5451 78 26 emploi
1358 5451 89 20 continu
1463 5451 71 20 donne
1548 5457 42 15 une
1607 5453 80 22 beauté

1212 5477 100 19 nouvelle
1325 5476 24 19 et
1360 5476 105 20 naturelle
1478 5481 28 14 au
1518 5476 56 20 teint
1587 5477 65 24 jaune
1663 5481 24 18 ct

1213 5501 56 23 fané,
1280 5502 23 18 et
1313 5505 44 15 aux
1366 5504 40 15 nez
1416 5500 99 20 brillants
1526 5500 30 21 les
1565 5501 48 25 plus
1623 5502 62 22 laids.

186 5522 825 29 LesCompactesTokaloncontleoncntmaintenantdelaMoussedeCrème.
1016 5531 29 20 La
1050 5531 426 27 PoudreetleRougesonttousdeuxtrès
1480 5531 123 22 adhérents.
1607 5532 99 28 Qnelqne

1758 5361 100 20 Sefiorita
1871 5361 99 20 Yolande
1983 5359 92 24 Pereira,
2088 5359 112 26 triompha-

1730 5385 54 20 trice
1796 5386 31 20 du
1839 5386 109 20 Concours
1961 5385 27 20 de
2000 5384 84 20 Beauté
2097 5384 61 24 1930,
2172 5384 28 21 dé-

1730 5410 57 20 clare
1797 5415 6 15 :
1813 5411 14 10 "
1838 5410 32 20 La
1880 5410 85 20 Poudre
1974 5408 98 21 Tokalon
2081 5408 46 21 m'a
2136 5408 74 22 donné

1730 5438 32 15 un
1773 5436 109 21 avantage
1894 5434 76 20 décisif
1980 5438 38 15 sur
2029 5433 31 20 les
2072 5433 74 20 autres
2158 5438 41 15 con-

1730 5459 117 19 currentes.
1858 5458 46 20 Elle
1914 5463 12 14 a
1936 5457 71 21 donné
2016 5457 14 20 à
2038 5462 52 15 mon
2100 5457 56 20 teint
2166 5463 42 13 une

1730 5481 80 21 beauté
1823 5482 154 23 merveilleuse,
1991 5481 89 23 fraîche,
2094 5481 114 25 naturelle,

1731 5506 53 24 qu'il
1793 5507 85 19 n'avait
1886 5506 79 24 jamais
1974 5510 40 16 eue
2023 5506 76 20 avant.
2109 5506 15 10 "

1710 5536 66 21 chose
1780 5537 26 21 de
1811 5543 106 18 nouveau,
1921 5537 27 21 de
1952 5537 107 25 différent,
2063 5538 27 21 de
2094 5539 110 22 meilleur.

2839 321 98 65 oti
2963 343 111 40 Savon
3100 340 41 43 de
3175 338 136 44 Toilette
3337 339 85 40 Lux

2725 424 143 27 conserve
2893 413 27 36 à
2947 422 60 27 ma
3026 415 94 49 peau
3145 422 44 27 sa
3215 405 145 43 douceur
3386 401 170 44 veloutée"

2533 503 148 43 AINSI
2724 502 295 44 S'EXPRIME
3061 502 128 42 MISS
3232 496 243 47 UNIVERS
3515 495 102 55 QUI
3657 492 76 45 NE

2534 571 122 42 FAIT
2685 570 171 42 USAGE
2886 569 109 53 QUE
3024 568 72 42 DE
3125 569 65 42 CE
3219 566 108 44 PUR
3357 562 176 45 SAVON
3556 560 180 45 BLANC

2480 687 66 28 Elle
2570 686 147 35 apprécie

2477 723 152 35 également
2659 730 57 17 son

2479 757 116 36 parfum
2615 756 88 26 délici-

2478 802 53 17 eux
2542 792 7 26 !
2578 791 41 26 De
2629 789 87 28 même

2479 827 85 34 qu'un
2585 827 23 25 si
2630 825 87 35 grand

2479 862 112 25 nombre
2599 860 33 27 de
2637 860 79 35 jolies

2477 896 156 26 femmes
2675 894 42 27 de

2477 930 129 26 l'univers
2620 930 96 30 entier,

2477 964 50 27 elle
2539 974 15 16 a
2565 965 139 26 définitive-

2478 1005 77 20 ment
2573 999 101 35 adopté
2691 999 25 26 le

2477 1032 92 27 Savon
2596 1034 34 26 de
2654 1034 49 25 Toi-

2477 1067 68 26 lette
2553 1067 68 27 Lux.
2643 1067 73 27 Pour

2478 1100 24 27 le
2522 1101 65 26 bain
2610 1111 104 18 comme

2478 1144 69 26 pour
2559 1136 27 26 la
2598 1137 116 30 toilette,

2476 1175 55 21 cet
2551 1172 163 33 agréable

2476 1213 84 18 savon
2565 1211 41 20 est
2610 1205 103 27 devenu

2478 1238 24 26 le
2515 1238 86 27 favori
2611 1239 33 27 de
2655 1242 46 32 qui-

2476 1282 106 26 conque
2589 1282 28 18 se
2624 1276 89 25 soucie

2476 1307 35 27 de
2534 1316 143 19 conserver
2696 1310 17 25 à

2475 1351 51 17 Eon
2536 1341 135 35 épiderme
2683 1352 31 17 sa

2476 1376 136 35 souplesse
2625 1382 27 21 et
2664 1386 49 18 son

2475 1410 119 27 velouté.

2471 1918 85 23 "Cr&ee
2566 1925 29 14 au
2606 1917 71 22 Savon
2686 1916 26 23 dt

2477 1948 86 22 Toilette
2571 1947 54 23 Lux,
2631 1946 23 28 je
2662 1954 48 14 con.

2472 1983 58 16 serve
2542 1976 13 21 à
2569 1982 35 15 ma
2615 1983 58 22 peau
2686 1982 26 14 sa

2473 2006 94 21 douceur
2585 2008 19 17 et
2622 2011 26 14 sa
2663 2011 39 15 sou-

2472 2035 77 29 plesse.
2576 2033 29 24 Je
2620 2039 26 15 ne
2659 2032 53 30 puis

2475 2070 34 15 me
2517 2064 3 4 '
2534 2069 77 22 passer
2639 2062 26 21 de
2689 2067 24 15 ce

2473 2099 67 15 savon
2557 2091 15 21 à
2589 2091 22 21 la
2629 2097 84 15 mousse

2474 2127 87 22 soyeuse
2577 2134 6 7 .
2603 2134 60 8 ...
2681 2125 31 15 eu

2473 2149 91 31 parfum
2587 2148 22 22 si
2633 2147 79 23 doux."

2501 2340 136 33 »»*êwaat#*

2785 2206 69 22 Photo
2860 2213 7 13 :
2878 2205 25 21 R.
2911 2205 124 24 Marchand,
3042 2205 109 22 Bruxelles

2828 2269 92 24 VOICI
2948 2268 82 26 MISS
3054 2268 168 31 UNIVERS,
3246 2269 147 27 PREMIER
3419 2271 79 26 PRIX
3523 2272 47 26 AU
3597 2272 182 28 CONCOURS

2968 2306 280 27 INTERNATIONAL
3270 2308 48 26 DE
3340 2302 135 32 BEAUTÉ
3498 2309 49 26 DE
3574 2317 68 26 1931.

2828 2392 261 67 SAVON
3108 2392 73 67 de
3194 2392 391 69 TOILETTE
3618 2396 163 67 LUX

3009 2480 32 45 le
3056 2480 126 60 favori
3205 2481 58 44 des
3288 2484 105 41 reines
3416 2482 44 44 de
3485 2483 127 44 beauté.

2775 2588 73 21 I.LTS
2858 2591 93 19 35079
2962 2592 33 17 BF

3321 2590 165 20 SAVONNERtES
3495 2591 73 19 LEVER
3581 2580 91 31 FrIrES.
3682 2589 138 22 BRUXEU.E1

2298 2669 1064 25 im*9*m*m-m-m*m*cto^mtm*m*a*9.tt-m*mtm-m*ts*mt*tcisitata-e*
3378 2668 533 22 e*c*9*e«e*e*»»-»«»»*-e»«**»*»e»»

2388 2704 293 76 Chronique
2724 2704 332 65 Industrielle
3100 2706 64 62 de
3207 2705 57 63 la
3310 2704 243 63 "Nation
3599 2702 217 76 Belge"

2540 2839 122 24 Mercredi,
2674 2839 12 20 i
2698 2839 92 21 heures.

2474 2872 165 20 CHARBONS

2317 2913 34 20 La
2364 2911 113 22 situation
2492 2914 27 20 de
2532 2919 42 15 nos
2587 2913 177 25 charbonnages
2779 2913 35 20 est

2294 2937 47 21 très
2372 2938 98 25 critique
2501 2940 24 19 et
2555 2939 188 19 l'accumulation
2775 2938 40 20 des

2293 2962 80 21 stocks
2389 2968 134 16 commence
2540 2962 15 21 à
2573 2964 104 24 effrayer
2693 2964 33 19 les
2744 2963 63 20 direc-

2293 2990 63 17 teurs
2370 2988 40 20 des
2425 2988 163 24 exploitations
2601 2988 188 20 charhennicret:.

2317 3012 148 21 Concernant
2480 3014 24 19 la
2519 3013 138 24 production
2673 3013 31 20 du
2718 3013 65 23 coke,
2797 3013 17 19 il

2291 3042 15 14 a
2319 3036 36 21 été
2369 3038 94 23 produit
2476 3038 58 19 dans
2549 3038 20 19 le
2584 3042 112 20 royaume
2709 3038 104 24 pendant

2291 3062 21 20 le
2327 3063 58 19 mois
2401 3062 81 20 d'avril
2495 3062 84 20 388.040
2594 3063 25 19 T.
2634 3063 81 19 entre
2730 3063 84 19 409.210

2295 3088 83 18 tonnes
2398 3092 29 15 en
2443 3092 70 14 mars.
2522 3087 34 19 La
2563 3087 138 24 production
2708 3092 26 15 se
2741 3086 79 25 répar-

2291 3112 10 19 t
2311 3113 10 19 t
2336 3112 61 19 ainsi
2414 3117 44 19 par
2473 3112 90 20 bassin:
2582 3112 71 19 93.150
2670 3112 25 20 T.
2713 3117 61 19 pour
2792 3113 21 19 le

2291 3136 79 20 bassin
2391 3137 27 19 de
2437 3136 129 24 Charleroi;
2587 3137 71 19 82.470
2676 3137 17 20 t.
2712 3142 59 19 pour
2791 3138 23 19 la

2292 3161 108 24 province
2414 3161 28 20 de
2453 3160 79 26 Liège;
2546 3162 71 19 49.970
2629 3161 25 20 T.
2667 3167 58 19 pour
2738 3162 21 20 le
2771 3162 44 19 Bo-

2292 3185 90 25 rinage;
2395 3186 72 20 37.350
2479 3186 25 19 T.
2517 3191 59 19 pour
2589 3187 21 19 le
2623 3186 79 19 bas-vn
2715 3186 30 20 du
2758 3187 47 19 Cen-

2293 3212 34 18 tre
2347 3211 23 19 et
2388 3211 84 20 125.100
2489 3211 25 20 T.
2532 3216 61 20 pour
2611 3211 33 20 lea
2663 3212 80 19 autres
2761 3217 44 19 pro-

2293 3235 85 21 vinces.

2317 3260 65 20 Pour
2403 3260 34 21 les
2458 3259 145 26 agglomérer
2628 3260 139 25 (briquettes
2791 3262 23 20 at

2292 3284 100 23 boulets)
2412 3285 23 20 la
2451 3286 138 24 production
2604 3291 15 14 a
2635 3285 36 20 été
2688 3287 27 20 de
2730 3286 83 21 117.070

2291 3310 83 20 tonnes
2385 3315 28 15 en
2424 3310 59 20 avril
2492 3311 80 19 contre
2582 3310 84 20 130.940
2675 3311 26 20 T.
2711 3316 29 14 en
2751 3316 64 15 mars

2297 3335 23 20 et
2335 3339 25 15 se
2376 3334 135 25 décompose
2528 3340 90 15 comme
2633 3336 57 19 suit:
2708 3336 70 20 57.030
2793 3337 25 19 T.

2296 3364 59 19 pour
2373 3359 21 20 le
2412 3360 79 19 bassin
2509 3360 28 20 de
2555 3360 130 24 Charleroi;
2703 3360 72 20 31.990
2792 3361 25 20 T.

2296 3388 59 19 pour
2375 3384 23 20 la
2418 3384 109 24 province
2550 3385 27 19 de
2599 3384 79 25 Liège;
2701 3385 71 21 15.330
2792 3386 25 20 T.

2296 3413 59 19 pour
2365 3409 21 20 le
2398 3409 79 19 bassin
2488 3409 31 19 du
2531 3409 94 23 Centre;
2638 3409 72 20 10.610
2721 3410 26 20 T.
2759 3415 59 20 pour

2296 3434 21 19 le
2334 3433 116 25 Borinage
2467 3434 24 20 et
2506 3433 58 20 2.110
2580 3434 25 20 T.
2621 3439 60 20 pour
2695 3435 24 20 la
2735 3435 84 20 Basse-

2295 3457 104 21 Sambre.

2325 3482 121 20 Charbons
2467 3481 164 26 domestiques.
2652 3491 23 8 —
2699 3483 54 21 Prix
2777 3489 37 19 pai
2825 3479 6 29 \

2298 3509 70 18 tonne
2388 3512 41 15 sur
2448 3512 80 20 wagon
2550 3508 91 24 départ:

2323 3532 157 20 Tout-venant
2497 3534 26 19 50
2542 3539 20 18 p.
2581 3538 18 16 c.
2618 3534 131 24 demi-gras,
2768 3534 47 22 200:

2298 3557 26 20 60
2338 3562 21 19 p.
2372 3563 27 16 c.
2412 3558 48 23 205;
2476 3558 26 19 70
2516 3564 21 18 p.
2552 3564 26 16 c.
2591 3559 47 23 215;
2654 3559 26 21 80
2694 3565 20 18 p.
2728 3565 26 16 c,
2768 3560 47 20 225:

2295 3584 129 20 Braisettes
2439 3584 78 21 lavées
2534 3586 132 24 demi-gras,
2681 3586 72 24 10/20,
2767 3587 49 23 170;

2298 3608 71 22 20/30,
2387 3609 47 23 255;
2455 3609 129 20 Braieettes
2602 3610 145 20 anthracites
2765 3616 45 14 con-

2296 3634 92 21 cassées
2408 3635 71 22 20/30,
2499 3635 48 24 265;
2567 3635 60 21 têtes
2648 3636 28 20 de
2694 3637 126 20 moineaux

2296 3659 152 23 anthracites,
2474 3660 45 20 300.
2544 3661 123 20 Gailletins
2687 3661 132 25 demi-gras,

2295 3684 71 22 50/80.
2379 3684 45 20 270.
2438 3684 122 21 Gailletins
2576 3686 165 20 anthraclteux
2754 3687 65 21 30/40

2297 3708 63 24 triés,
2375 3709 39 20 290
2430 3708 16 20 à
2460 3710 48 22 295;
2525 3710 129 24 concassés,
2670 3710 48 26 310;
2735 3711 83 21 criblés

2297 3733 132 24 demi-gras,
2441 3734 39 20 235
2494 3735 29 20 fr.

2327 3757 121 20 Charbons
2473 3759 139 20 industriels.
2644 3768 25 6 —
2699 3759 56 21 Prix
2779 3765 42 19 par

2300 3784 71 17 tonne
2385 3787 42 15 sur
2442 3788 81 19 wagon
2539 3783 95 24 départ:

2326 3807 83 20 Menus
2441 3808 126 25 demi-gras
2597 3810 52 21 0/60
2673 3810 73 22 bruta,
2771 3810 47 24 105,

2300 3837 82 15 Laenus
2401 3833 125 24 demi-graa
2545 3835 111 22 mi-lavés,
2674 3836 79 20 117.50:
2773 3841 38 14 me-

2301 3862 44 15 nus
2367 3858 108 24 maigres,
2497 3860 35 22 95;
2556 3861 117 23 poussiers
2697 3862 64 19 laves
2784 3862 28 19 de-

2301 3883 103 24 mi-gras,
2427 3884 68 23 87.50;
2521 3885 117 24 poussiers
2663 3886 102 24 maigres
2790 3887 32 19 lr.-

2300 3908 46 23 vés,
2361 3909 35 23 65;
2413 3910 117 23 poussiers
2546 3911 102 24 maigres
2664 3911 73 23 bruts,
2751 3912 67 23 47.50;

2298 3935 132 24 demi-gras,
2454 3936 39 20 145
2502 3941 7 19 ;
2540 3937 80 24 grains
2645 3938 107 24 maigres,
2776 3938 45 20 135.

2300 3958 70 20 Fines
2383 3958 16 21 à
2412 3960 77 20 chaux
2502 3961 23 19 et
2538 3962 61 19 fines
2611 3960 16 21 à
2639 3962 100 23 briques,
2752 3962 27 20 90
2790 3963 31 19 fr.

2323 3985 44 20 Ces
2384 3987 51 23 prix
2453 3988 146 19 s'entendent
2617 3990 51 18 nets
2687 3993 42 19 par
2747 3991 71 17 tonne

2296 4014 41 15 sur
2358 4015 81 20 wagon
2461 4011 89 25 départ.
2570 4013 63 19 Taxe
2654 4012 29 21 de
2704 4017 76 15 raccot
2786 4013 28 20 dé-

2296 4038 64 18 ment
2372 4036 12 19 2
2395 4041 14 14 a
2422 4037 13 19 3
2447 4037 11 19 f
2458 4042 18 15 r.
2488 4042 42 19 par
2543 4043 88 19 wagon.
2646 4038 65 20 Frais
2723 4039 29 19 de
2765 4043 57 15 mise

2296 4059 12 20 à
2325 4061 56 20 bord
2396 4063 12 18 4
2423 4062 14 19 à
2451 4059 13 23 5
2478 4063 29 19 fr.
2524 4068 42 19 par
2579 4064 77 19 tonne.
2672 4064 120 20 Paiement
2808 4069 15 14 a

2297 4086 24 20 15
2339 4087 65 23 Jours
2422 4088 29 19 de
2470 4088 54 20 date
2543 4089 41 19 des
2603 4089 104 20 factures
2726 4089 96 20 établies

2297 4112 32 19 les
2344 4112 25 20 15
2384 4113 23 19 et
2422 4113 35 20 fin
2472 4114 30 19 du
2518 4115 65 18 mois.

2324 4137 121 21 Charbons
2466 4143 60 19 pour
2546 4139 79 21 l'Etat
2645 4150 25 5 —
2690 4141 57 19 Prix
2767 4142 45 19 offi-

2298 4161 65 21 ciels:
2382 4167 83 16 menus
2483 4162 51 22 0/70
2554 4165 104 19 (teneurs
2677 4170 29 15 en
2723 4167 97 19 cendres

2298 4187 25 18 12
2340 4191 22 20 p.
2379 4187 39 22 c.),
2435 4188 39 20 105
2492 4189 29 18 fr.
2538 4193 59 19 pour
2614 4189 23 19 la
2655 4190 74 19 classe
2746 4190 26 20 A.
2790 4196 30 15 ou

2298 4211 115 21 charbons
2428 4212 111 25 maigres;
2555 4214 38 19 107
2610 4214 29 19 fr.
2653 4219 59 19 pour
2726 4215 22 19 la
2763 4215 49 20 clas-

2298 4241 24 14 se
2341 4236 26 19 B.
2386 4242 30 14 ou
2435 4237 115 20 charbons
2569 4242 144 20 quart-gras;
2733 4239 39 20 110
2791 4240 28 19 fr.

2295 4266 59 19 pour
2365 4261 23 20 la
2399 4262 79 20 Classe
2490 4263 24 19 C.
2527 4268 29 14 ou
2568 4263 116 20 charbons
2696 4264 126 24 demi-gras

2298 4286 23 19 et
2335 4286 38 19 115
2387 4287 29 19 fr.
2429 4291 59 19 pour
2502 4288 22 18 la
2537 4287 75 20 classe
2624 4287 21 20 D
2660 4293 28 15 ou
2705 4289 115 20 charbons

2297 4315 61 19 gras.
2372 4309 89 22 Criblés
2477 4316 61 18 gra-?.
2554 4312 38 19 130
2607 4312 29 20 fr.

2322 4335 44 19 Les
2391 4336 49 23 prix
2464 4337 41 18 des
2527 4336 116 20 charbons
2667 4341 82 16 menus
2771 4337 52 21 0/30

2300 4359 54 19 sont
2374 4359 28 20 de
2422 4360 29 19 fr.
2471 4360 39 20 100
2531 4365 58 19 pour
2608 4361 23 19 la
2651 4367 11 12 c
2673 4367 54 14 asse
2745 4362 27 20 A.
2792 4367 29 15 ne

2300 4384 28 19 fr.
2348 4384 71 20 102.00
2438 4390 58 19 pour
2514 4386 23 19 la
2554 4386 76 19 classe
2648 4386 35 23 B.;
2704 4387 28 20 fr.
2751 4388 71 19 10-jOU

2300 4414 59 19 peur
2370 4409 23 20 la
2406 4410 75 20 classe
2494 4411 54 19 Cet
2562 4411 27 20 de
2602 4412 29 19 fr.
2643 4412 72 22 110,00
2727 4417 59 19 pour
2798 4413 23 19 la

2300 4434 73 20 classe
2385 4435 28 19 D.
2427 4435 132 24 Briquettes
2571 4439 61 16 con'f
2640 4438 58 19 nant
2709 4438 13 19 9
2733 4437 15 20 à
2760 4438 25 19 10
2798 4440 22 22 %

2301 4459 21 19 d*
2342 4460 97 19 cendres
2460 4461 38 19 137
2513 4461 87 20 francs.

2323 4485 155 25 Agglomérés.
2498 4497 24 5 —
2544 4487 133 24 Briquettes
2698 4493 58 19 pour
2776 4487 39 21 in-

2296 4510 93 24 térieur,
2409 4512 54 24 type
2482 4513 24 19 II
2525 4513 59 19 Etat
2602 4514 71 22 Belge
2695 4518 6 15 :
2724 4515 38 18 140
2781 4515 39 22 fr.;

2294 4537 153 24 exportation,
2461 4538 36 19 155
2508 4538 37 23 fr.;
2558 4538 54 24 type
2622 4538 98 24 Marine,
2731 4539 39 20 150
2781 4539 39 23 fr.;

2301 4559 95 23 boulets,
2410 4565 93 19 grosses
2519 4562 142 20 dimensions
2680 4568 5 14 :
2703 4563 37 20 130
2754 4563 15 19 à
2783 4564 38 19 140

2298 4586 89 23 francs;
2402 4587 85 23 petites
2501 4588 148 23 dimensions,
2662 4589 38 19 105
2712 4588 16 20 à
2741 4589 38 20 110
2793 4590 28 19 fr.

2321 4610 82 21 Cokes.
2417 4621 25 6 —
2457 4612 56 20 Prix
2528 4612 41 20 des
2583 4612 71 20 cokes
2669 4615 23 18 et
2706 4614 117 19 charbons

2295 4635 14 20 à
2330 4636 59 20 coke
2408 4636 29 21 de
2457 4637 118 25 Belgique,
2609 4642 58 16 avec
2701 4638 121 20 réduction

2296 4665 58 20 pour
2369 4666 55 20 gros
2441 4662 107 20 marchés
2567 4666 6 17 :
2592 4663 62 20 fines
2670 4665 152 22 susceptible?

2295 4686 29 20 de
2341 4687 89 20 donner
2446 4692 31 15 un
2494 4688 58 20 coke
2569 4688 94 20 mi-lavé
2681 4689 22 19 17
2721 4694 21 19 p.
2758 4694 20 15 c.
2794 4691 29 17 de

2299 4710 82 20 cendr<-
2409 4711 24 20 et
2444 4716 50 19 eau,
2506 4713 38 19 105
2556 4713 81 20 francs
2649 4718 59 19 pour
2720 4715 23 19 la
2757 4715 64 19 toute

2299 4735 114 24 première
2428 4737 88 23 qualité
2532 4739 23 19 et
2571 4738 28 21 de
2613 4739 39 19 100
2667 4739 80 20 francs
2764 4744 57 18 pour

2299 4760 24 21 la
2343 4761 88 23 qualité
2453 4763 113 19 courante
2576 4768 6 18 ;
2605 4763 59 21 coke
2685 4763 59 24 lavé,
2765 4764 38 20 160
2813 4769 6 19 ;

2299 4786 118 21 concassé.
2431 4787 49 23 170;
2495 4788 95 20 mi-lavé
2606 4794 59 18 pour
2678 4789 39 19 ha-
2729 4789 5 7 '
2741 4790 72 19 *-Tc*\r

2296 4817 82 18 neaux,
2396 4813 38 20 135
2454 4814 84 23 rendu;
2558 4819 60 18 pour
2636 4815 33 20 les
2687 4816 80 20 autres
2787 4816 24 19 In-

2300 4836 107 23 dustries,
2428 4837 39 20 120
2488 4838 29 19 fr.
2539 4838 92 24 départ;
2653 4839 94 20 mi-lavé
2768 4844 44 15 con-

2299 4860 73 23 cassé,
2386 4862 65 20 40/50
2466 4868 29 14 ou
2510 4863 71 23 60/80,
2596 4864 48 21 145;
2659 4863 94 20 mi-lavé
2767 4869 54 14 enr-

2299 4885 72 23 cassé,
2389 4887 71 23 30/40,
2477 4888 48 22 135;
2544 4893 54 19 gros
2616 4888 58 20 coke
2691 4888 129 23 industriel,

2298 4911 49 23 125;
2373 4912 111 20 concassé
2514 4914 66 20 40/80
2611 4918 59 19 pour
2693 4913 128 24 chauffage

2299 4936 97 23 central,
2416 4937 48 24 135;
2486 4938 110 23 gréslllon
2614 4939 71 22 15/25,
2705 4939 26 20 90
2749 4938 16 21 à
2784 4939 34 22 95;

2299 4962 97 20 cendres
2416 4963 29 19 de
2464 4963 65 23 coke,
2547 4964 58 22 0/15,
2623 4964 27 19 40
2668 4964 30 20 fr.

2322 4988 122 21 Charbons
2463 4994 60 19 pour
2542 4989 24 20 la
2590 4989 99 20 France.
2713 4999 28 6 —
2763 4990 58 19 Prix

2297 5012 40 20 des
2367 5013 80 24 foyers
2476 5014 156 23 domestiques
2664 5014 156 20 (Convention

2298 5037 39 19 de-?
2356 5052 3 3 .
2371 5037 177 22 Gailletterles).
2573 5047 28 5 —
2624 5038 44 19 Les
2693 5039 52 23 prix
2764 5039 48 19 s'en-

2297 5061 96 21 tendent
2414 5067 29 15 en
2463 5063 81 19 francs
2564 5063 104 22 français
2687 5068 44 18 par
2750 5064 72 19 tonne

2300 5089 41 15 sur
2361 5090 95 15 w-ifons
2477 5085 82 24 départ
2579 5086 165 23 charbonnage
2763 5092 58 15 avec

2300 5109 60 20 lra's
2377 5109 14 20 d
2398 5117 7 9 ■
2422 5110 59 20 misa
2497 5109 13 20 à
2528 5110 57 19 boid
2603 5110 28 19 de
2648 5110 12 19 5
2676 5110 30 20 fr.
2723 5116 28 14 en
2769 5112 52 24 p'us

2300 5139 43 18 par
2359 5134 77 21 ton--e.
2453 5139 58 19 pour
2529 5134 67 20 l'aria
2613 5136 23 19 *t
2652 5136 116 23 environs,
2784 5137 35 19 -îé-

2298 5162 53 22 part
2370 5160 29 20 de
2417 5160 119 20 Charleroi
2547 5165 5 14 :

2323 5184 60 20 Gros
2388 5190 4 5 ■
2407 5185 24 19 et
2455 5184 152 24 gailletterles
2611 5189 5 16 :
2643 5185 127 26 demi-gras
2794 5188 26 20 et

2296 5208 141 25 quart-g'ra.8,
2456 5209 48 22 186;
2523 5209 146 21 anthracites
2687 5211 71 23 lavés,
2776 5213 45 20 136.

2321 5232 76 21 Petite
2415 5238 4 4 ■
2432 5233 129 24 gallleterie
2598 5239 6 15 :
2639 5235 133 24 demi-e;ras,
2807 5237 15 21 à

2295 5257 140 29 quart-gras,
2452 5257 48 23 199;
2520 5258 146 22 anthracites
2683 5260 72 26 lavés,
2771 5262 49 24 214;

2299 5277 30 23 fd.
2343 5280 130 20 concassé-.
2488 5281 45 20 229.

2324 5305 123 20 Galdetinp
2467 5305 32 22 50,
2505 5310 27 16 -w
2550 5312 31 15 ou
2603 5308 70 24 'u/90;
2695 5310 60 20 demi
2767 5316 54 18 grae

2299 5333 23 16 er
2346 5334 29 15 .-«L
2377 5330 109 24 art-gras,
2509 5331 48 22 2»'l;
2582 5333 145 22 anthracites
2750 5335 64 21 lavés

2298 5354 48 23 219;
2363 5354 30 20 ld.
2408 5355 130 23 concassés,
2552 5357 44 20 234.

2324 5379 69 21 Têtes
2411 5381 29 19 de
2458 5382 124 21 moineaux
2599 5383 74 23 30/50:
2695 5385 87 25 deml-g
2794 5392 27 14 as

2299 5404 23 20 et
2345 5406 142 24 quart-gras,
2508 5407 48 24 224;
2581 5409 146 21 anthracites
2750 5411 71 24 lavés,

2298 5429 48 23 229;
2370 5430 29 21 Id.
2420 5431 125 21 concassés
2565 5433 46 20 244.

2325 5454 128 22 I-î.-aisettes
2469 5456 74 24 20/30;
2562 5458 125 25 demi-gras
2703 5461 23 19 et
2742 5462 79 22 quart-

2298 5484 62 19 fcra*,.
2384 5480 48 21 184;
2458 5482 145 21 anthracites
2628 5484 64 20 lavés
2718 5486 46 23 179,
2791 5486 23 20 Id

2298 5509 130 19 concass°u,
2453 5507 44 19 194.

2320 5530 91 22 Primes
2426 5532 168 22 d'enlèvement
2606 5533 68 22 d'été:
2687 5535 13 20 9
2714 5536 29 19 fr.
2756 5536 55 20 fran-

2294 5555 49 24 çais
2360 5561 29 15 en
2402 5556 59 25 juin,
2474 5557 13 20 6
2501 5558 29 20 fr.
2546 5563 29 15 en
2588 5559 77 23 juillet
2679 5560 25 20 et
2715 5561 14 19 3
2743 5561 30 19 fr.
2788 5566 30 15 en

2294 5579 64 20 août.

2321 5605 91 21 Frime*,
2427 5605 29 23 d*
2470 5605 114 27 boanage;
2597 5612 62 20 poux
2672 5600 162 33 «RlÀïtmtAtl

2847 2840 26 19 de
2885 2840 37 20 500
2935 2839 15 21 à
2961 2840 39 19 900
3013 2840 92 19 tonnes:
3118 2839 13 20 1
3142 2839 38 21 1/2
3191 2844 22 20 p.
3226 2843 28 19 c;
3270 2839 27 20 de
3308 2839 58 22 1,000

2847 2867 81 18 tonnes
2944 2866 24 18 et
2983 2865 59 23 plus,
3055 2864 14 20 3
3083 2870 21 18 p.
3120 2869 19 14 c.

2873 2889 83 19 Boulet
2974 2888 93 19 ovoïdes
3087 2893 5 14 :
3111 2888 39 19 IO
3166 2888 80 19 francs
3263 2887 103 23 français

2848 2919 39 18 par
2908 2915 70 18 tonne
2996 2918 41 14 sur
3054 2917 83 19 wagon
3155 2911 83 25 déparc
3255 2912 101 19 charbon

2848 2943 59 19 nag»
2920 2943 58 15 avec
2991 2938 59 19 frais
3063 2938 28 19 de
3104 2938 57 19 mise
3173 2936 16 21 à
3201 2938 57 19 bord
3272 2937 27 20 de
3311 2937 13 20 5
3337 2937 28 20 fr.

2847 2969 28 15 en
2894 2964 51 23 pïus
2962 2968 43 20 par
3021 2964 77 22 tonne,
3113 2967 56 15 sans
3186 2963 134 19 distinction
3338 2962 25 19 de

2846 2994 53 15 zont
2904 2994 18 15 s.

2868 3016 91 20 Primes
2979 3014 59 21 d'été
3056 3020 60 19 pour
3132 3015 34 20 les
3182 3014 101 20 boulets:
3303 3014 13 20 6
3335 3014 30 20 fr.

2844 3041 103 23 français
2962 3046 28 15 en
3001 3041 61 24 juin;
3076 3041 13 19 4
3101 3041 30 19 fr.
3144 3045 29 15 en
3184 3039 77 26 juillet
3273 3040 24 19 et
3308 3039 13 20 2
3335 3040 30 19 fr.

2842 3071 29 14 en
2884 3064 62 21 août.

3000 3097 222 20 METALLURGIE

2866 3130 44 20 Les
2928 3129 148 21 événements
3091 3129 124 25 politiques
3229 3128 126 21 internatio-

2841 3160 63 15 naux
2917 3160 29 15 ne
2961 3156 54 19 sont
3029 3160 42 19 p£3
3087 3155 57 19 faits
3158 3160 60 18 pour
3232 3154 65 20 aider
3309 3153 17 21 à
3340 3155 23 18 la

2842 3180 179 20 diminution.de
3032 3181 24 18 la
3067 3179 134 25 dépression
3214 3178 149 25 économique

2841 3204 123 20 mondiale.

2871 3235 54 20 Prix
2947 3240 59 20 potir
3025 3235 135 21 l'intérieur.
3180 3245 26 5 —
3226 3235 88 20 Fontes
3336 3235 28 19 de

2846 3262 120 24 moulages
2981 3267 22 15 n.
3019 3261 19 24 3,
3054 3261 39 20 325
3109 3262 30 20 fr.
3154 3262 24 19 la
3194 3262 71 19 tonne
3282 3262 83 19 franco

2843 3286 117 21 frontière.
2977 3287 86 20 Fontes
3077 3287 108 24 Thomas,
3200 3287 38 20 280
3254 3286 15 21 à
3283 3287 39 20 290
3336 3287 30 20 fr.

2846 3316 55 18 gare
2923 3311 28 20 de
2973 3311 88 19 destin*-
3076 3312 39 18 ion
3135 3316 43 19 par
3198 3311 87 23 charge
3306 3316 52 14 com-

2842 3337 67 24 plète.
2925 3337 87 20 Fontes
3028 3336 131 25 hématites,
3175 3337 40 20 370
3230 3338 30 20 fr.
3277 3336 88 26 départ.

2870 3371 188 24 Demi-produits.
3078 3381 24 5 —
3123 3372 92 19 Blooms
3234 3373 28 18 de
3280 3373 12 18 4
3310 3376 45 19 pou-

2841 3403 39 15 ces
2899 3399 24 20 et
2941 3398 59 24 plus,
3018 3398 38 20 350
3074 3397 15 21 à
3106 3398 39 20 360
3162 3399 30 19 fr.
3210 3399 93 22 franco;
3323 3398 32 20 be-

2842 3423 74 22 lettes,
2945 3423 39 19 370
3013 3422 16 20 à
3055 3422 49 24 380;
3128 3424 64 23 large
3194 3423 28 23 ts,
3243 3423 40 19 390
3306 3428 59 19 pour

2843 3447 25 19 25
2882 3446 15 20 à
2910 3447 25 19 30
2949 3452 21 18 p.
2984 3451 19 15 c.
3018 3447 28 19 de
3058 3447 68 24 poids
3140 3447 75 24 légers
3228 3448 48 19 soit
3288 3447 76 20 moins

2844 3472 28 20 de
2890 3472 26 20 13
2932 3472 42 21 lbs.
3006 3484 5 9 ,

2870 3499 109 20 Produits
3000 3499 57 20 finis
3080 3504 6 15 :
3108 3499 81 20 barres
3211 3499 155 20 marchandes

2842 3524 91 23 rondes,
2955 3524 59 20 41.50
3035 3523 15 21 à
3070 3524 25 19 42
3100 3529 5 18 ;
3129 3529 92 19 grosses
3242 3523 124 23 cornières,

2843 3549 57 19 41.50
2919 3548 16 20 à
2954 3549 34 22 42;
3010 3549 48 19 fen?
3078 3549 148 23 marchands,
3248 3549 26 19 50
3293 3548 15 21 à
3329 3549 35 24 51;

2840 3573 109 20 feuillard
2968 3572 98 21 laminés
3085 3573 16 20 à
3118 3574 83 22 chand,
3221 3574 67 22 67,50;
3309 3579 46 19 pou-

2843 3598 84 22 trelles,
2945 3599 70 23 profil
3032 3599 99 23 normal,
3148 3599 59 19 41.50
3222 3598 16 20 à
3255 3599 35 23 42;
3310 3603 47 19 pou-

2842 3623 84 23 trelles,
2943 3623 70 23 profil
3030 3623 98 24 anglais.
3144 3624 27 18 43
3187 3623 16 20 à
3220 3624 67 22 43.50;
3307 3623 58 20 tôles

2842 3648 73 19 fortes
2930 3647 109 23 Thomas,
3051 3648 25 19 53
3090 3647 15 20 à
3117 3648 36 22 54;
3169 3647 58 21 tôles
3240 3647 71 21 métal
3326 3648 31 19 ho-

2842 3672 104 23 mogène,
2963 3673 26 19 55
3004 3671 16 21 à
3036 3673 34 22 56;
3088 3673 71 20 ronds
3177 3672 15 20 à
3210 3672 76 21 béton.
3301 3674 64 19 41.50.

2872 3697 73 20 Ponts
2966 3697 25 19 et
3010 3698 150 23 charpentes:
3183 3698 39 19 225
3242 3697 16 20 à
3277 3698 39 19 250
3337 3699 29 18 fr.

2844 3721 34 20 les
2893 3722 38 19 100
2946 3722 60 20 kilos
3022 3722 28 20 de
3065 3727 81 19 grosse
3159 3723 128 23 charpente
3301 3728 56 14 mon-

2846 3746 36 20 tée
2898 3752 59 18 pour
2971 3747 80 19 usines
3065 3748 24 19 et
3103 3748 188 24 charbonnages;
3307 3753 59 19 pour

2846 3772 34 19 les
2902 3772 87 24 autres,
3012 3772 53 24 prix
3087 3773 95 20 suivant
3204 3773 115 24 tonnages
3344 3775 19 18 eî

2846 3796 73 24 types.

2867 3821 54 19 Prix
2932 3821 102 20 officiels
3046 3822 41 19 des
3099 3823 75 19 aciers
3186 3822 70 20 étiré«
3266 3828 6 5 ■
3286 3824 69 20 rordt

2843 3847 46 21 120,
2908 3847 85 22 carrés,
3010 3847 47 23 125;
3076 3848 138 24 hexagones.
3230 3848 48 23 130;
3296 3849 62 23 plats

2843 3872 49 22 prix
2909 3872 93 19 suivant
3019 3873 148 20 dimensions.

2870 3894 69 20 Tôles
2955 3894 67 21 lisses
3039 3896 13 19 5
3068 3901 55 15 mm.
3141 3897 23 20 et
3181 3897 58 23 plus,
3255 3897 26 20 53
3298 3896 15 20 à
3330 3898 35 23 54;

2845 3919 58 20 tôles
2918 3920 67 20 lisses
2999 3921 13 19 4
3028 3926 46 14 mrr
3098 3922 25 19 55
3137 3921 15 21 à
3166 3923 34 22 56;
3218 3923 30 19 t''
3251 3928 11 9 c
3264 3928 12 14 s
3290 3923 22 20 st
3326 3922 39 23 iés.

2845 3945 25 19 55
2889 3944 15 20 à
2922 3946 35 23 56;
2978 3946 77 24 larges
3074 3947 69 24 plats,
3162 3948 25 19 53
3206 3947 16 20 à
3238 3948 32 20 54.

2867 3971 83 20 Tubes.
2963 3981 22 5 —
3001 3972 54 20 Prix
3068 3974 102 19 officiel
3184 3979 40 18 par
3243 3979 78 18 vvagon
3336 3975 23 17 dr

2842 3997 24 18 10
2881 3998 84 18 tonnes
2981 4002 28 15 en
3026 4002 57 19 gare
3098 3997 66 25 belge
3190 3998 80 20 'tablis
3285 4004 40 14 sur
3342 3999 20 19 lu

2842 4021 54 19 base
2912 4021 41 20 des
2969 4022 159 23 majorations'
3139 4023 120 20 lUlvau'-es
3275 4028 40 15 sur
3332 4025 30 18 'ef

2845 4046 50 23 prix
2914 4046 30 19 du
2961 4047 58 19 tarif
3035 4047 155 20 continental:

2868 4073 26 19 90
2909 4073 23 21 %
2949 4079 58 18 pour
3023 4074 33 19 les
3072 4075 67 19 tubes
3154 4075 14 19 à
3184 4079 43 19 gaz
3243 4074 69 22 noirs,
3328 4074 28 20 lis-

2841 4101 37 15 ses
2890 4102 28 14 en
2931 4098 126 23 longueurs
3068 4100 125 18 courantes
3205 4099 28 19 de
3245 4100 12 18 4
3269 4097 13 21 \
3292 4099 14 19 6
3319 4104 5 5 ■
3331 4098 24 16 ■»*

2841 4123 57 19 très:
2917 4122 39 19 170
2974 4124 23 20 %
3015 4128 58 19 pour
3091 4124 32 19 les
3140 4124 67 19 tubes
3224 4130 15 13 u
3256 4128 43 19 gaz
3317 4123 42 19 *n\\-

2843 4147 86 21 vanlsé.
2949 4148 67 20 lisses
3034 4153 28 15 en
3082 4149 125 24 longueurs
3226 4149 38 22 ld.;
3285 4148 38 20 120
3341 4148 23 23 %

2841 4176 59 19 pour
2913 4173 33 19 les
2959 4174 68 18 tubes
3039 4173 29 19 de
3083 4178 85 19 vapeur
3183 4178 89 18 roug*.j,
3294 4174 67 19 is^es,

2841 4197 21 19 le
2879 4197 147 24 supplément
3044 4203 58 18 pour
3119 4199 33 18 les
3169 4198 67 19 tubes
3253 4206 5 4 -
3278 4201 84 15 raua;-s

2843 4223 22 19 et
2882 4223 159 20 manchonnés
3057 4224 35 19 est
3107 4223 29 20 de
3151 4223 26 19 20
3193 4223 81 23 pointa.

2869 4247 122 21 Mitrailles
3013 4254 60 18 pour
3091 4254 97 17 masses,
3208 4249 25 19 16
3253 4247 16 20 à
3289 4248 59 19 16.50
3358 4253 6 17 ;

2842 4272 122 20 mitrailles
2977 4278 60 19 pour
3048 4273 67 20 fours
3128 4273 93 23 Martin,
3233 4273 58 19 14.50
3302 4272 16 20 à
3328 4273 35 21 15;

2845 4296 123 20 mitrailles
2990 4302 59 18 pour
3068 4297 216 21 hauts-fourneaux,
3304 4297 26 19 16
3351 4295 15 21 à

2845 4321 67 21 16.50:
2929 4322 131 22 tournures,
3074 4322 59 20 ll."D
3146 4321 16 20 à
3175 4322 34 19 12:
3226 4322 78 19 fontes
3319 4321 37 20 mé-

2845 4347 111 23 caniques
2974 4347 28 20 de
3018 4347 40 20 1er
3073 4347 74 21 choix,
3162 4347 27 20 28
3204 4346 15 20 à
3234 4347 35 22 29;
3287 4347 78 19 fontes

2842 4372 150 25 mécaniques
3006 4374 28 19 de
3045 4374 27 19 2e
3085 4373 74 23 choix,
3171 4373 26 19 25
3210 4372 16 20 à
3236 4373 35 22 27;
3287 4373 78 20 fontes

2847 4396 98 23 brûlées,
2971 4397 58 20 18.50
3053 4396 16 20 à
3094 4397 37 23 19;
3158 4397 151 19 couvertures
3335 4397 28 19 de

2841 4428 97 18 masses,
2953 4423 59 20 16.50
3025 4424 16 19 à
3054 4423 33 19 17.

2865 4448 55 19 Prix
2934 4453 57 18 pour
3004 4448 160 23 l'exportation
3177 4447 41 20 fob
3232 4447 96 20 Anvers.
3342 4457 22 6 —

2845 4472 42 19 Les
2904 4472 128 23 paiements
3047 4471 155 21 s'établissent
3217 4476 28 16 en
3260 4472 102 20 livres-oi

2843 4497 65 20 étant
2927 4497 103 20 entendu
3047 4502 45 19 que
3109 4497 99 20 celles-ci
3228 4497 77 20 valent
3328 4494 36 24 V**j

2842 4522 80 20 francs
2934 4527 29 15 ou
2976 4523 25 19 35
3012 4522 80 24 belgas
3103 4527 30 14 ou
3144 4522 46 19 4.86
3202 4522 86 19 dollars
3301 4521 53 21 amé-

2843 4548 127 19 ricains-or.
2989 4553 41 17 par
3045 4547 51 19 1015
3112 4547 65 20 kilos.

2868 4572 86 19 Barres
2961 4572 90 22 rondee,
3058 4572 56 20 base
3130 4572 27 20 de
3169 4572 26 19 12
3203 4577 54 15 mm.
3271 4573 23 20 et
3307 4573 58 24 plus.

2844 4596 51 19 2.4.0
2902 4595 16 20 à
2924 4595 60 23 2.5.0;
2997 4595 80 20 barres
3089 4595 123 23 crénelées,
3223 4596 52 20 2.5.0
3281 4597 16 19 à
3303 4598 61 20 2.6.0*

2841 4620 125 25 poutrelles
2977 4620 70 24 profil
3057 4620 100 24 norniii.
3165 4621 62 23 2.2.0;
3240 4622 126 24 poutrelles

2845 4646 69 23 profil
2933 4645 98 24 anglais,
3049 4645 61 23 2.3.0;
3130 4651 93 19 grosses
3242 4646 124 25 cornières,

2842 4672 51 19 2.3.0
2903 4677 6 18 ;
2935 4676 126 19 moyennes
3087 4671 123 25 cornières,
3234 4673 53 21 2.4.0
3297 4679 6 18 ;
3328 4679 29 19 pe-

2845 4695 54 20 tites
2913 4700 68 17 corn.,
2995 4695 60 23 2.5.0;
3071 4696 58 19 rond
3142 4695 15 20 à
3169 4696 104 24 boulons,
3286 4699 52 19 2.4.6
3352 4698 13 21 à

2845 4721 61 24 2.5.0;
2926 4721 123 20 feuillards
3068 4721 99 21 laminés
3185 4722 15 20 à
3218 4723 78 20 chaud
3314 4724 33 20 3.5
3354 4727 13 16 h

2845 4754 190 21 C!!ii]!l!U!Ii!]ii:V![IM!inPi-B!M

3390 2837 15 21 à
3419 2838 60 23 3.7.6;
3496 2838 50 20 fers
3560 2837 150 23 marchands,
3726 2836 144 21 dimensions
3885 2835 30 21 de

3391 2863 61 22 base,
3468 2862 65 19 2.14.0
3549 2861 15 20 à
3579 2862 74 23 2.15.0;
3670 2862 86 24 petites
3774 2862 61 22 dim.,
3850 2861 12 19 3
3869 2861 47 20 10;O

3391 2887 16 21 à
3427 2888 74 23 3.12.6;
3524 2888 79 20 fontes
3625 2888 28 19 de
3674 2888 115 23 moulage,
3810 2892 23 15 n.
3854 2887 14 20 3
3888 2887 28 20 40
3929 2890 5 6 '

3390 2912 116 24 shillings;
3526 2913 78 18 fontes
3620 2912 109 22 Thomas,
3745 2912 27 19 29
3788 2912 16 19 à
3819 2912 27 19 30
3861 2912 54 19 shiL

3416 2938 55 19 Prix
3485 2938 101 19 officiels
3600 2939 40 18 des
3653 2937 76 20 aciers
3742 2937 80 20 étires:
3837 2941 80 18 ronus.,

3388 2964 61 22 6.2.6;
3468 2963 85 22 carrés,
3569 2964 74 22 6.20.6;
3662 2964 138 23 hexagones,
3816 2963 72 20 7.10.0.

3414 2988 69 20 Tôles
3499 2988 78 24 larges
3593 2988 69 24 plats,
3678 2988 75 22 2.14.0;
3772 2986 58 23 tôles
3846 2987 69 19 lisses

3388 3015 12 19 4
3409 3015 63 21 m/m
3484 3015 23 20 et
3517 3016 59 23 plus,
3587 3015 66 19 2.14.0
3662 3013 16 21 à
3688 3015 75 22 2.15.0;
3775 3013 60 21 tôles
3847 3014 68 20 lisses

3390 3039 44 19 5-"-**
3450 3040 22 18 et
3486 3039 52 23 plus
3553 3039 65 19 2.16.0
3632 3038 16 20 à
3661 3039 77 21 2.17.0:
3752 3037 71 21 striés
3838 3038 38 21 1/4
3891 3039 24 19 et

3392 3064 60 24 plus,
3476 3064 65 20 2.16.0
3566 3063 17 20 à
3606 3064 76 23 2.17.0;
3709 3063 71 20 striés
3806 3064 13 19 5
3845 3064 69 22 m/m,

3390 3090 65 19 2.18.0
3478 3089 16 21 à
3516 3089 75 24 2.19.0;
3615 3090 53 21 5/10
3690 3090 110 22 Thomas,
3824 3089 52 20 5.9.0
3899 3087 17 21 à

3390 3115 72 20 5.10.0.

3557 3155 187 20 INDUSTRIES

3470 3182 44 20 DE
3531 3181 37 21 LA
3584 3180 238 22 CONSTRUCTION

3413 3222 32 20 Le
3456 3220 96 21 marché
3563 3222 39 19 des
3613 3219 134 22 matériaux
3757 3220 28 21 de
3796 3219 110 21 construc-

3390 3247 48 20 tion
3449 3248 36 19 est
3496 3252 56 14 sans
3564 3247 76 24 grand
3650 3246 163 24 changement.

3414 3279 37 19 En
3469 3278 88 21 c'ment
3573 3278 114 20 Portland
3703 3277 117 23 artificiel,
3836 3277 25 20 la
3878 3277 28 20 de-

3389 3304 84 20 manda
3492 3302 15 21 à
3524 3302 130 21 l'intérieur
3671 3303 62 20 reste
3751 3307 66 15 assez
3834 3302 81 20 suivie.

3388 3328 44 20 Les
3447 3328 53 24 prix
3513 3333 27 15 re
3551 3328 51 20 tent
3615 3328 84 19 faiblss
3712 3328 52 19 tout
3780 3332 27 15 en
3821 3326 95 22 variant

3389 3353 165 20 sensiblement
3569 3353 67 19 d'une
3652 3351 80 25 région
3745 3351 15 21 à
3773 3352 89 20 l'autre.

3413 3378 22 19 A
3451 3377 170 24 l'exportation,
3636 3378 24 19 la
3678 3378 114 19 demande
3810 3377 61 20 reste
3889 3376 17 21 li-

3388 3402 71 21 mitée
3473 3403 24 20 et
3509 3403 34 19 les
3555 3402 54 25 prix
3621 3402 54 20 sont
3688 3401 135 25 inchangés.

3417 3433 55 20 Prix
3487 3438 43 19 par
3544 3437 93 20 grosses
3652 3433 128 23 quantités:

3419 3467 99 23 Briques
3543 3471 43 19 par
3610 3467 64 19 mille
3699 3468 75 22 prises
3798 3470 31 15 au
3854 3467 61 21 four,

3393 3491 38 19 120
3476 3491 58 20 dans
3580 3490 199 24 l'agglomération
3827 3490 80 19 bruxel-

3387 3518 66 23 loise;
3472 3517 39 20 110
3529 3517 59 20 dans
3606 3517 21 20 le
3644 3516 116 22 Hainaut:
3780 3516 39 20 125
3836 3516 15 20 à
3869 3516 38 20 Na-

3388 3548 53 14 mur
3455 3546 23 17 et
3491 3542 15 20 à
3518 3542 80 24 Liège;
3613 3542 39 19 140
3664 3547 31 15 au
3707 3542 96 19 littoral.
3817 3541 100 24 Briques

3388 3568 30 19 de
3433 3568 73 19 Boom
3522 3561 132 26 waiwoorm
3670 3572 40 14 sur
3726 3567 84 19 bateau
3826 3566 90 25 départ,

3388 3593 47 22 215;
3451 3598 41 14 .*-ur
3506 3597 83 18 wagon
3604 3592 90 24 départ,
3707 3592 48 22 175;
3772 3592 144 23 papensteen

3389 3619 27 19 de
3437 3618 72 19 Boom
3531 3623 41 14 sur
3591 3618 85 19 bateau
3696 3616 90 25 départ,
3804 3616 48 23 215;
3874 3620 43 16 Bur

3388 3648 82 18 wagon
3486 3642 89 24 départ,
3590 3642 45 20 230.

3418 3674 79 20 Tuiles
3520 3674 151 23 Hennuyères
3691 3674 15 19 k
3725 3673 84 19 double
3830 3672 77 20 emboî-

3393 3700 95 22 tement,
3507 3699 24 19 15
3549 3703 30 15 au
3596 3699 74 19 mètre
3687 3698 74 21 citrré.
3780 3697 29 20 fr.
3829 3697 24 19 12
3860 3697 26 19 75
3906 3700 8 20 ;

3390 3723 26 19 20
3432 3723 38 19 1/2
3485 3728 31 14 au
3533 3723 73 19 mètre
3622 3721 74 23 carré,
3713 3721 57 20 13.65
3787 3722 39 22 fr.;
3843 3722 71 20 tulles

3393 3749 30 19 du
3443 3749 142 20 Courtraisis
3605 3749 39 18 1er
3662 3748 75 22 choix,
3756 3748 45 19 550.
3822 3748 94 19 Pierres

3388 3775 27 19 de
3431 3774 133 22 bâtiments,
3580 3773 57 22 1,800
3653 3774 13 18 à
3683 3772 59 21 2.200
3758 3772 29 20 fr.
3804 3773 20 19 le
3842 3772 75 20 mètr«

3392 3800 58 19 cube
3465 3800 93 19 suivant
3576 3799 75 23 façon.
3668 3798 118 20 Bordures
3803 3799 113 19 victnsl*>a

3389 3831 28 14 en
3429 3826 60 23 petit
3501 3825 85 24 granit,
3598 3824 26 19 36
3635 3823 15 20 à
3662 3823 26 20 39
3700 3824 30 19 fr.
3742 3824 22 19 le
3776 3823 76 20 mètre
3864 3829 45 15 cou-

3393 3850 64 22 rant;
3479 3850 79 19 brutes
3578 3849 28 19 de
3628 3850 83 20 routes,
3731 3848 46 20 9.00
3798 3849 21 19 le
3841 3849 75 19 mètre

3391 3876 108 20 courant;
3516 3874 53 23 type
3586 3873 126 21 Bruxelles.
3728 3873 25 20 55
3769 3873 29 20 fr.
3815 3873 55 20 Bois
3887 3873 28 20 de

3393 3900 159 19 construction
3569 3899 29 19 de
3615 3899 75 20 Suède
3708 3901 23 17 et
3748 3899 29 20 de
3794 3899 123 22 Finlande,

3391 3924 38 19 350
3444 3924 15 19 à
3476 3923 39 20 400
3530 3923 80 19 francs
3627 3924 21 18 le
3664 3923 74 20 mette
3754 3923 65 20 cube.

3417 3956 91 20 Ciment
3521 3955 113 20 Portland
3648 3955 112 20 artificiel
3777 3960 6 15 :
3797 3955 40 20 110
3849 3955 30 20 fr.
3892 3954 25 21 la

3393 3984 70 18 tonne
3478 3986 40 15 sur
3534 3986 82 19 wagon
3633 3981 90 24 départ,
3739 3985 54 16 sacs
3809 3981 108 20 facturés

3392 4008 15 19 à
3425 4009 12 17 4
3457 4007 28 19 fr.
3504 4006 26 20 50
3549 4008 23 18 et
3592 4007 75 23 repris
3687 4011 46 14 uusi
3754 4005 89 22 mêmes
3861 4010 45 16 con-

3387 4032 95 23 ditions;
3515 4037 60 19 pour
3603 4032 165 24 l'exportation
3796 4032 13 20 1
3842 4032 76 21 dollar

3389 4057 40 19 fob
3446 4057 90 19 Anvers
3553 4061 51 19 par*
3614 4057 58 19 baril
3691 4057 29 20 de
3738 4057 39 19 180
3795 4056 61 21 kilos
3879 4056 27 20 Ci-

3388 4082 64 19 ment
3472 4082 91 19 naturel
3583 4081 30 20 du
3634 4081 144 24 Tournasis,
3797 4081 44 20 120.
3860 4081 47 20 Car-

3391 4111 69 15 reaux
3481 4107 53 19 unis
3555 4111 28 15 en
3604 4106 94 23 ciment,
3719 4107 25 19 14
3765 4106 13 20 à
3801 4107 25 19 18
3846 4107 22 19 fr
3896 4107 23 19 le

3390 4131 74 20 mètre
3482 4131 77 24 carré;
3579 4132 166 23 multicolores,
3764 4132 26 20 28
3808 4131 16 21 à
3843 4131 27 21 34
3888 4131 31 22 fr,

3389 4163 40 14 si^r
3505 4163 26 11 ■"■»
3556 4158 89 20 d^-iart.
3667 4158 92 20 Ciment
3783 4158 29 20 de
3834 4159 85 21 laitier,

3388 4182 25 20 95
3428 4181 15 21 à
3457 4182 39 20 100
3510 4183 29 20 fr.
3558 4183 90 20 (bassin
3664 4183 29 21 de
3709 4183 141 21 Charleroi).

3411 4214 55 20 Prix
3479 4215 102 19 officiels
3594 4216 41 19 des
3649 4216 77 19 chaux
3739 4215 177 24 hydrauliques:

3390 4238 148 24 pulvérisées.
3569 4240 26 19 85
3619 4240 39 23 fr.;
3684 4240 75 20 chaux
3792 4244 115 20 moyenne-

3391 4267 65 17 ment
3488 4265 172 24 hydrauliques,
3691 4266 33 20 8.5
3772 4267 145 19 t'heciolitra.

3391 4289 81 20 Chaux
3490 4294 83 19 grasse
3590 4291 162 20 d'Ecaussinet
3772 4296 30 14 ou
3820 4292 29 19 de
3867 4291 39 20 Soi-

3388 4315 67 23 gnies
3471 4316 116 28 première
3604 4316 89 24 qualité
3710 4316 40 20 125
3767 4316 29 20 fr.
3812 4321 41 15 sur
3871 4321 46 14 wa*-

3391 4344 46 19 gon
3451 4339 90 25 départ,
3555 4345 59 19 pour
3628 4341 33 19 les
3675 4341 154 23 plafonneure
3843 4342 23 18 ft
3883 4342 34 18 les

3388 4366 182 22 entrepreneurs
3589 4367 24 18 et
3634 4366 39 19 115
3693 4366 29 20 fr.
3740 4370 60 20 pour
3821 4367 20 19 le
3860 4370 56 19 gros

3393 4388 93 25 négoce.
3511 4389 82 20 Chaux
3619 4395 58 19 pour
3701 4390 105 21 aciéries.
3832 4390 26 20 85
3884 4391 30 19 fr.

3394 4413 127 25 ■Soignies)
3537 4416 22 19 et
3574 4415 39 19 120
3628 4416 120 19 (Namur).
3762 4416 85 19 Laitier
3863 4420 43 19 gra-

3392 4439 54 19 nulé
3462 4440 54 19 brut
3533 4441 28 19 de
3578 4441 72 20 terril.
3666 4440 25 19 10
3706 4440 15 20 à
3736 4440 24 19 12
3778 4441 21 19 fr
3824 4440 92 20 (bassin

3389 4464 28 18 de
3428 4464 140 22 Charleroi),
3579 4465 69 20 Spble
3660 4465 30 20 du
3704 4466 63 19 Rhin
3779 4470 41 15 cur
3831 4470 82 19 wagon

3388 4488 82 24 départ
3490 4489 76 23 Gand,
3587 4490 25 19 12
3634 4490 14 19 à
3670 4490 26 20 15
3715 4490 30 20 fr.
3766 4490 99 20 Gravier
3886 4489 32 20 du

3391 4514 69 21 Rhin.
3476 4515 29 19 ld.
3521 4515 26 19 20
3561 4515 14 20 à
3592 4516 25 19 25
3632 4516 19 20 fi

3465 4574 182 38 MEUSE
3660 4574 181 38 -DAVE

3413 4630 103 21 BELLE
3528 4632 92 20 VILLA
3633 4630 16 22 à
3660 4632 106 20 LOUER
3779 4631 111 21 SAISON

3389 4662 26 20 15
3426 4662 56 21 min.
3494 4663 98 20 Namur.
3603 4655 58 28 Prix
3671 4662 101 22 modéré.
3782 4663 134 25 Téléphone

3389 4694 121 21 Bruxelles
3526 4695 92 20 12.99.72
3634 4700 30 15 ou
3681 4695 127 21 s'adresser
3826 4696 90 22 bureau

3391 4725 31 20 du
3435 4725 94 24 journal
3544 4728 26 18 n"
3583 4726 52 21 1651
3649 4726 23 21 C.
3688 4727 27 21 B.

3387 4759 162 23 Hianiiiiis^^

3198 4801 7 23 1
3281 4798 7 10 ■

3049 4828 215 30 QUAHTIEQ
3302 4830 46 26 DE
3365 4832 47 25 Lt»
3426 4832 152 27 C/IMBPa

2958 4876 409 87 mmm/
3388 4886 45 75 a
3466 4878 253 85 wm.

2958 4993 75 23 /ALLE
3052 4994 32 22 SE
3100 4995 61 21 DAItl
3174 4996 140 22 mmu.EC

2956 5023 23 24 a
2985 5026 80 22 CAVE/
3074 5043 8 10 ,
3101 5029 135 21 Min/iRDZ

2953 5047 291 35 cAu.eAZ.CLEOBicrri

2951 5086 148 27 cHAtnTâfjc
3115 5081 142 31 inDivituii.
3271 5089 98 24 auoaz.

2951 5116 74 23 Qiint
3040 5119 15 20 &
3068 5111 147 31 mMOncicc/

2952 5149 145 24 A/CErvxun
3110 5171 6 7 .
3124 5153 87 20 momte
3218 5153 122 20 -cm-doz/.

2949 5181 153 25 CE/APPABT.
3117 5184 94 23 /EQOW
3224 5184 69 23 PKtf
3301 5183 32 24 l_£

2996 5216 44 18 -1-
3056 5216 160 24 HOVÏMBQE
3243 5216 85 36 -l-j-S»

3755 4957 124 28 3B.OOOF.

3382 5312 65 22 pour
3459 5312 82 23 rirmv
3550 5314 35 22 et
3598 5314 285 31 nacn/EKiNEnDiT/./Aoa.

3414 5346 407 141 OKÉ1A

3381 5504 61 27 109
3453 5508 92 25 Avcrtvt
3553 5505 75 27 £«n.c
3639 5507 90 34 5ICO,
3740 5506 126 30 IXSUCA

3834 5729 12 18 '-.
