4082 5734
1859 115 7 12 i
1873 109 117 19 NATION
2004 108 101 20 BELGE
2114 114 18 16 s-,
2145 109 25 19 2S
2184 108 125 19 JUILLET
2323 107 51 19 19-10

4012 16 15 123 I

64 5254 15 105 i

201 183 1034 45 ^||||||||||[||||||||||||||||||||||||||Illllllllllllllllllllllllli!!llil!illli!lll!ll!illillli!!iiii)!H

200 231 33 8 ^—
232 231 8 7 ■
1423 241 5 6 «
1425 243 5 7 J
1428 240 125 10 sjsss*|IIJjjjs^.s*|.sjefaSO^i»aSS*lssss
1550 240 5 10 i
1554 240 92 10 fei|^i|^i|^i|^
2675 235 5 12 f
2678 234 48 13 ^i|J*-*^
2725 234 12 12 B
2736 233 102 13 i|.*.s.ssssss*a^i**i||||||
2835 234 23 11 —
2857 234 76 11 ajj-f-f-ssssssssssssssssss,
3956 231 32 8 ■"■—

309 285 303 98 "Joie
657 288 115 91 et
814 282 465 115 Travail^
1316 248 107 128 M
1519 271 80 38 w
1635 270 80 39 ^
1759 271 179 38 ^^
1975 270 178 39 WMB
2190 270 157 39 1Bffl81
2346 283 29 26 "
2453 270 179 39 ^^
2686 266 127 43 ^"
2812 266 19 35 l
2830 266 36 43 "
2904 266 189 43 ^^
3186 257 147 52 ^
3396 264 180 45 ^**
3619 263 87 46 m
3755 261 66 48 v

1340 378 57 66 a

304 479 79 37 «»
449 459 129 67 en
625 456 510 69 vacances
1203 472 78 36 «o»

197 590 358 60 IllllllllllllllllllllllllllllllM

288 699 335 89 Terre

223 829 495 127 promise^

225 992 38 23 De
277 990 27 23 la
317 989 60 29 joie,
393 988 31 23 de
440 988 26 22 la
481 986 114 26 lumière,
612 985 31 23 de
660 984 45 24 l'es-

195 1027 87 24 pace.-
306 1019 140 28 Cinquante
468 1016 117 23 hectares
608 1015 30 22 de
662 1015 43 21 lan-

197 1052 44 22 des
258 1050 116 28 agrestes,
392 1047 32 23 de
441 1045 67 32 prés,
526 1045 32 23 de
576 1044 90 26 sables,
683 1044 32 22 de

196 1079 149 31 sapinières,
364 1078 31 22 de
415 1076 86 26 forêts,
522 1075 30 22 de
571 1074 145 28 bruyères-

199 1109 138 30 Cinquante
370 1107 117 22 hectares
519 1105 75 22 d'une
628 1104 88 22 nature

195 1140 163 29 plantureuse
374 1138 24 21 et
412 1134 109 24 féconde
533 1142 8 15 :
556 1133 69 23 voilà
640 1133 65 23 Keer-

194 1170 102 28 bergen.
317 1167 32 23 Et
369 1165 168 28 Keerbergen,
558 1163 62 23 c'est
642 1164 73 21 notre

197 1205 74 23 camp
287 1198 34 23 de
336 1201 131 18 vacances.
484 1193 54 28 Que
556 1193 73 28 dis-je
640 1193 7 22 !
664 1191 51 24 ami

197 1228 104 26 lecteur,
317 1233 31 16 ce
365 1231 74 23 camp
458 1225 39 21 est
511 1223 26 23 le
555 1223 53 22 tien
619 1222 32 24 1...

228 1258 69 22 Dans
310 1263 34 17 un
358 1256 47 22 site
419 1253 102 29 unique,
533 1253 25 22 le
573 1251 96 24 Comité
683 1251 32 23 de

198 1288 77 24 cJoie
292 1288 26 22 et
334 1284 124 24 Travail»
477 1289 15 17 a
509 1282 69 28 érigé
594 1287 67 23 pour
678 1281 38 22 les

196 1318 88 29 jeunes
306 1322 49 17 une
378 1319 86 18 oeuvre
486 1311 149 26 admirable,
657 1317 47 17 cen-

197 1347 54 24 trée
270 1352 43 17 sur
331 1344 24 24 le
372 1345 42 29 jeu
433 1345 25 21 et
474 1343 25 23 le
517 1342 96 23 labeur.

228 1374 206 31 L'inauguration
456 1373 31 23 de
507 1378 30 16 ce
559 1377 72 23 camp
654 1376 61 17 aura

196 1406 53 24 lieu
265 1405 24 23 le
307 1406 16 22 4
342 1403 65 24 août.
423 1403 24 23 A
464 1402 72 23 dater
552 1401 33 24 de
602 1407 30 16 ce
648 1401 66 28 jour,

197 1437 69 22 toute
284 1435 26 23 la
326 1435 116 28 jeunesse
458 1431 72 29 belge
549 1436 94 24 pourra
661 1435 44 23 gra-

197 1465 156 24 cieusement
368 1468 95 24 passer,
479 1462 63 22 dans
559 1462 40 21 cet
614 1458 102 24 endroit

197 1495 132 29 idyllique,
349 1493 44 24 des
409 1492 91 23 heures
517 1489 157 25 ensoleillées
691 1489 25 25 el

196 1524 145 24 heureuses.

229 1561 76 23 €joie
325 1561 25 22 et
370 1558 122 24 Travail»
512 1558 53 22 met
584 1556 15 23 à
620 1555 25 24 la
666 1555 40 23 dis-

196 1590 114 30 position
335 1590 33 22 de
394 1591 56 20 tous
476 1587 45 23 des
545 1585 171 24 installations

196 1620 109 29 uniques
327 1625 33 17 en
383 1617 119 30 Belgique
513 1623 7 17 :
544 1616 44 23 des
609 1615 107 23 bâtisses

200 1648 199 31 campagnardes
418 1647 104 23 nichées
539 1646 65 23 dans
621 1646 26 22 la
664 1651 49 17 ver-

199 1680 71 26 dure,
293 1679 45 23 des
358 1678 94 22 fermes
475 1675 177 29 authentiques
673 1673 45 30 qui

199 1709 72 23 n'ont
287 1708 57 23 rien
363 1708 35 23 du
414 1705 167 30 carton-pâte,
597 1705 46 23 des
660 1704 49 23 cha-

196 1738 50 26 lets
266 1738 82 23 riants
367 1739 25 21 et
410 1737 114 28 coquets,
543 1735 47 23 des
609 1735 110 26 hangars

198 1768 126 26 énormes,
343 1773 34 16 un
398 1766 76 23 cadre
494 1765 121 28 féerique,
634 1763 76 30 prodi-

199 1797 98 32 gieux.-

228 1834 70 23 Dans
311 1834 63 22 cette
386 1832 68 23 oasis
467 1832 154 25 charmeuse,
632 1830 26 23 la
669 1831 41 28 jeu-

199 1870 73 17 nesse
299 1870 32 16 ne
357 1868 57 17 sera
440 1868 46 23 pas
513 1860 166 23 abandonnée
705 1859 15 23 à

199 1892 147 24 elle-même.
369 1892 48 23 Les
439 1892 104 28 parents
565 1891 117 28 peuvent,
705 1889 14 22 à

198 1929 30 17 ce
256 1923 72 28 sujet,
356 1922 73 22 avoir
459 1922 56 21 tous
543 1919 176 29 apaisements.

198 1952 116 24 Médecin
331 1953 25 21 et
371 1950 158 24 infirmières
544 1951 87 21 seront
647 1949 25 22 là
687 1955 32 16 en

198 1987 179 25 permanence,
401 1980 67 23 ainsi
495 1985 46 23 qne
568 1979 46 23 des
638 1979 71 22 moni-

198 2014 69 21 teurs
284 2011 107 23 éclairés
406 2016 66 23 pour
486 2009 26 23 la
530 2009 126 22 direction
675 2008 44 23 des

194 2042 59 29 jeux
265 2044 24 20 et
300 2041 46 23 des
357 2041 92 27 sports.
460 2039 55 23 Une
528 2038 98 23 cuisine
635 2038 85 29 quasi-

199 2071 107 30 gratuite
319 2083 33 5 —
365 2070 37 24 les
416 2075 74 23 repas
504 2069 88 22 seront
605 2067 115 28 comptés

198 2108 33 16 au
242 2101 59 30 plus
312 2099 157 30 scrupuleux
480 2098 61 29 prix
556 2098 31 22 de
601 2097 98 23 revient
711 2097 6 22 !

195 2144 35 5 —
243 2130 210 24 confectionnera
466 2128 48 23 des
528 2129 64 21 mets
606 2126 71 24 sains
693 2128 26 21 et

195 2160 173 24 nourrissants
380 2165 65 23 pour
457 2157 127 23 satisfaire
596 2157 37 22 les
645 2156 65 30 appé-

197 2190 46 23 tits
266 2189 109 30 aiguisés
397 2194 47 24 par
468 2187 27 23 la
515 2187 42 25 vie
581 2193 32 16 au
638 2186 80 29 grand

197 2220 62 23 air...
276 2218 51 24 Des
344 2217 113 24 douches
475 2218 59 22 sont
549 2216 47 23 dès
612 2216 95 22 mainte-

197 2252 62 21 nant
270 2248 129 24 installées
412 2248 64 22 dans
490 2247 44 23 des
549 2246 70 23 ebox
629 2253 13 15 »
656 2246 51 22 fleu-

197 2281 58 21 rant
267 2279 24 23 le
305 2277 119 30 ripolin...
438 2276 67 27 Bref,
518 2277 54 22 tout
586 2277 37 21 est
635 2275 82 29 prévu

195 2315 67 23 pour
280 2308 25 23 le
326 2307 85 29 séjour
429 2307 47 23 des
495 2307 83 22 futurs
597 2305 109 30 pension-

196 2338 93 24 naires.

225 2369 38 22 An
275 2368 59 23 titre
349 2374 14 16 «
370 2366 55 24 Joie
440 2368 25 21 et
479 2365 101 23 Travail
587 2372 23 19 »,
624 2371 34 16 on
674 2363 42 24 eût

196 2405 35 23 pu
251 2398 96 28 ajouter
365 2404 35 16 un
420 2397 53 22 mot
484 2402 6 15 :
511 2395 115 22 entraide
640 2395 7 22 !
668 2394 48 23 Car

196 2427 133 24 l'entraide
347 2433 57 16 sera
422 2426 23 23 le
463 2425 130 23 leit-motif
610 2424 30 23 de
660 2426 57 20 tous

196 2464 66 17 ceux
277 2456 182 30 qu'hébergera
475 2455 160 28 Keerbergen
653 2454 64 23 dans

195 2494 28 16 sa
243 2488 70 22 verte
333 2492 100 23 parure.

227 2517 70 26 Mais,
322 2516 20 23 il
367 2516 44 28 n'y
436 2521 62 17 aura
521 2521 47 22 pas
595 2520 47 23 que
669 2513 45 23 des

195 2547 60 29 jeux
269 2552 66 24 pour
348 2545 115 24 meubler
475 2545 38 22 les
526 2544 119 30 journées
658 2549 48 24 pas-

195 2577 56 23 sées
269 2583 32 16 au
318 2582 73 22 camp
403 2582 7 16 :
428 2581 62 17 avec
506 2581 56 19 eux,
578 2574 25 23 le
618 2574 98 22 labeur.

197 2607 34 23 Le
249 2606 88 23 labeur
357 2606 63 22 dans
438 2605 26 23 la
481 2605 59 28 joie,
559 2610 32 17 en
610 2603 97 23 l'occur-

196 2642 85 21 rence,
304 2636 24 23 le
353 2634 192 26 défrichement,
568 2632 92 24 travail
683 2633 32 23 de

197 2666 25 24 la
242 2668 91 21 terre...

229 2695 72 24 Ainsi
326 2694 159 29 Keerbergen
509 2700 58 17 sera
592 2692 126 24 vraiment

199 2731 29 18 ce
244 2725 88 29 qu'ont
348 2724 77 23 voulu
441 2730 41 17 ses
499 2723 148 23 fondateurs
657 2729 7 16 :
682 2728 35 16 un

198 2756 86 23 centre
302 2755 31 22 de
347 2754 51 29 joie
414 2755 25 21 et
454 2754 32 22 de
499 2753 90 23 labeur
604 2752 63 23 dans
682 2758 35 16 un

199 2785 49 23 site
267 2783 111 26 attirant,
398 2783 107 29 quelque
525 2782 77 23 chose
621 2787 97 16 comme

200 2820 36 17 un
252 2813 105 29 paradis
372 2813 126 25 terrestre,
513 2817 50 18 une
578 2813 68 21 terre
661 2817 49 23 pro-

201 2843 64 22 mise
280 2843 30 22 '....

355 2870 133 30 Raymond
505 2868 186 30 DUQUENNEL

2047 2864 70 26 •\-*»j

3620 682 226 89 Ton

3505 842 305 85 camp

3837 882 24 21 o
3874 883 85 26 ooo

3505 965 30 22 Et
3555 964 156 22 maintenant
3731 970 46 23 que
3797 965 26 21 ta
3843 970 99 22 connais
3957 979 22 17 ce

3477 992 103 28 paradis
3604 994 30 21 de
3659 992 127 29 bruyères,
3810 993 31 23 de
3864 996 80 27 sapins
3962 1004 17 21 et

3476 1021 32 22 de
3527 1020 81 25 soleil,
3628 1027 64 16 nous
3713 1022 128 23 t'ouvrons
3862 1023 117 31 largement

3477 1049 35 23 les
3531 1051 86 27 portes
3637 1050 31 23 dc
3688 1050 107 23 verdure
3814 1051 31 22 de
3864 1055 67 22 noire
3947 1057 32 24 do.

3474 1077 107 23 rnaine...
3597 1078 31 22 dc
3646 1087 11 11 «
3667 1079 42 21 Ion
3720 1084 12 13 »
3749 1085 80 22 camp.

3510 1107 37 22 Ne
3568 1106 63 23 rôde
3652 1108 65 28 plus,
3740 1109 152 23 nonchalant
3913 1117 19 18 el
3951 1114 26 25 In.

3478 1136 77 25 décis,
3585 1136 64 22 dans
3680 1137 35 22 tes
3744 1143 57 16 rues
3829 1140 106 23 sombres
3959 1148 17 21 et

3475 1172 138 21 anonymes
3642 1165 31 23 de
3702 1167 23 22 la
3754 1166 66 23 ville.
3848 1168 33 21 Ta
3906 1176 70 22 morne

3479 1194 154 27 promenade
3652 1201 59 16 sans
3731 1195 43 22 but
3793 1201 31 17 ne
3844 1197 96 26 conduit
3954 1203 18 27 ja-

3479 1223 64 23 mais
3564 1223 24 23 là
3610 1223 31 22 où
3662 1225 43 21 ton
3727 1230 70 16 cœur
3818 1225 90 24 voulait
3926 1231 50 23 trou-

3476 1258 44 17 ver
3534 1253 24 22 la
3570 1252 74 28 joie...
3658 1254 63 21 Sans
3737 1259 68 17 cesse
3821 1255 25 20 tu
3861 1261 25 15 as
3900 1259 71 27 espéré

3476 1281 63 22 mais
3556 1280 97 30 chaque
3669 1280 57 28 fois,
3743 1281 72 28 déçu,
3831 1283 25 21 tu
3872 1290 24 16 es
3910 1290 65 23 rentré

3479 1310 60 22 chez
3562 1310 58 22 toi...

3506 1339 105 22 L'heure
3631 1339 59 22 était
3708 1340 96 28 proche
3823 1341 38 22 où,
3878 1342 98 29 dècoura-

3478 1367 30 28 gé
3509 1389 6 12 ]
3536 1369 26 20 tu
3582 1368 71 22 allais
3673 1368 52 22 être
3746 1374 32 16 un
3798 1369 71 28 aigri,
3887 1377 30 18 un
3933 1376 43 23 soli-

3479 1397 64 21 taire
3561 1403 31 16 au
3612 1396 87 23 milieu
3718 1397 31 22 de
3769 1398 24 22 la
3810 1397 67 28 foule
3895 1390 74 42 indiffé-

3477 1426 94 22 rente...
3590 1425 101 23 Bientôt
3711 1425 76 26 aussi,
3808 1428 26 21 tu
3854 1428 21 22 te
3893 1432 77 24 tentait

3481 1454 26 22 tu
3524 1454 79 22 serais
3622 1460 64 16 venu
3702 1453 96 29 grossir
3815 1456 34 21 les
3865 1462 66 24 rangs
3945 1462 32 23 des

3480 1481 130 26 insoumis,
3633 1482 45 23 des
3701 1482 151 27 désœuvrés,
3874 1487 61 27 enfin
3953 1492 22 22 de

3481 1512 55 22 tous
3553 1518 65 16 ceux
3635 1511 50 29 qui,
3703 1512 31 22 de
3752 1512 24 22 la
3793 1512 47 25 vie,
3856 1515 117 29 n'espaeni

3479 1540 57 28 plus
3575 1546 97 17 aucune
3710 1541 59 28 joie,
3807 1541 56 29 plus
3897 1552 77 20 aucun;

3482 1568 95 24 beauté.

3510 1597 55 26 Oui,
3576 1598 74 28 jeune
3663 1598 58 25 ami,
3734 1604 63 17 nous
3809 1599 84 24 avions
3904 1602 69 27 deviné

3481 1625 36 22 tes
3542 1624 114 28 pensées,
3681 1625 44 22 ton
3748 1626 75 27 appel
3846 1632 91 26 sercret,
3956 1635 17 21 ta

3479 1652 108 30 prière...

3512 1682 70 26 Mais,
3603 1690 33 16 un
3655 1684 100 22 homme
3776 1684 30 23 de
3825 1688 76 26 grand
3917 1696 55 20 cœeor.

3483 1717 47 22 que
3553 1712 26 21 tu
3602 1711 113 26 connais,
3737 1719 77 22 parce
3836 1721 44 21 que
3901 1718 71 30 chaque

3478 1740 59 28 jour
3559 1740 18 23 il
3600 1742 23 21 te
3646 1742 70 27 parle
3739 1742 31 23 de
3793 1749 27 16 sa
3842 1744 89 26 tribune
3948 1756 21 16 en

3481 1769 125 29 première
3625 1777 70 22 page,
3714 1779 15 15 a
3748 1772 76 26 songé
3842 1774 14 22 à
3874 1776 38 22 toi.

3512 1800 22 22 Il
3547 1801 36 21 est
3596 1800 43 22 ton
3652 1800 66 26 aine,
3731 1801 50 24 oui,
3794 1802 61 23 mais
3867 1803 17 23 il
3895 1812 13 15 a
3917 1808 56 26 gardé

3482 1835 48 16 une
3552 1828 54 23 âme
3627 1829 81 28 jeune,
3730 1830 148 27 exubérante
3897 1840 74 19 somme

3483 1857 23 24 la
3523 1858 92 23 tienne.
3633 1859 30 22 Et
3680 1859 60 23 c'est
3756 1863 122 25 pourquoi
3893 1863 16 23 II
3922 1864 25 24 t'a
3957 1868 17 21 si

3479 1887 59 22 bien
3564 1887 118 29 compris,
3708 1890 23 20 et
3757 1890 56 21 veut
3836 1891 133 27 aujourd'hui

3483 1916 96 24 l'aider.

3508 1946 78 25 Grâce
3610 1947 15 23 à
3647 1954 47 16 son
3718 1947 130 28 initiative,
3871 1951 23 22 lu
3913 1959 49 22 pour-

3481 1982 42 15 ras
3544 1975 140 23 désormais
3705 1977 129 24 connaître
3855 1979 22 23 la
3894 1981 42 28 joie
3950 1985 22 22 de

3482 2004 70 23 vivre
3568 2004 45 24 des
3628 2005 91 22 heures
3735 2012 32 16 au
3782 2006 53 23 sein
3851 2008 40 23 des
3905 2011 67 24 choses

3482 2034 23 20 et
3523 2033 45 23 des
3586 2033 65 22 êtres
3670 2034 43 28 qui
3731 2036 43 21 ont
3790 2035 74 29 gardé
3880 2044 55 21 pour
3947 2042 25 22 loi

3480 2061 98 29 l'image
3595 2068 62 22 pure
3674 2063 31 22 de
3723 2063 65 24 leurs
3806 2065 93 24 beautés
3912 2067 53 25 invio-

3481 2089 59 24 lées.

3511 2119 46 23 Ces
3575 2119 62 26 bois,
3656 2127 41 16 ces
3714 2121 104 29 plaines,
3837 2129 38 16 ces
3889 2130 78 20 sources

3481 2148 79 27 d'eau,
3575 2149 53 22 tout
3641 2151 55 22 cela
3707 2157 57 16 sera
3776 2152 15 22 à
3804 2151 56 23 toi...
3872 2153 98 26 Personne

3482 2177 34 23 ici
3538 2184 32 16 ne
3594 2178 106 23 viendra
3721 2179 63 28 jeter
3805 2181 22 22 le
3849 2182 82 24 trouble
3946 2192 22 16 en

3481 2207 42 21 ton
3541 2213 78 19 cœur,
3637 2214 44 16 car
3698 2208 53 22 tout
3766 2215 57 17 sera
3839 2210 21 23 le
3876 2211 58 28 reflet
3944 2214 23 23 de

3480 2235 25 21 ta
3516 2235 123 28 jeunesse,
3652 2236 31 23 de
3696 2237 36 21 tes
3745 2237 77 26 rêves,
3835 2238 29 22 de
3876 2240 30 22 tes
3916 2241 49 25 rires.

3506 2264 57 22 Joie
3577 2266 24 21 et
3614 2265 90 22 travail
3716 2266 10 22 I
3739 2266 48 23 Oui
3799 2268 57 21 c'est
3868 2268 47 23 bien
3924 2271 39 22 cela

3477 2300 48 21 que
3548 2295 26 21 tu
3597 2295 146 23 connaîtras
3767 2302 30 17 en
3821 2300 82 20 venant
3918 2301 43 22 chez

3480 2329 64 16 nous
3565 2323 16 22 à
3601 2323 167 29 Keerbergen.
3790 2325 35 22 Tu
3845 2327 122 25 travailleras

3479 2351 57 28 face
3553 2358 33 16 au
3603 2352 73 22 soleil
3693 2355 24 21 et
3733 2360 59 16 sous
3809 2355 23 22 la
3849 2362 81 18 caresse
3942 2359 24 22 du

3482 2382 58 21 vent
3551 2388 8 16 :
3578 2381 137 29 défricher,
3734 2383 95 23 abattre
3849 2385 31 22 les
3896 2387 69 26 arbres,

3479 2416 101 17 remuer
3596 2411 24 23 la
3637 2412 88 24 terre...

3509 2438 61 23 Puis
3594 2438 110 24 d'autres
3728 2440 90 24 heures
3841 2441 124 26 viendront...

3480 2466 77 24 celles
3573 2468 34 22 du
3624 2468 173 27 délassement,
3814 2471 43 23 des
3870 2471 55 28 jeux,
3936 2473 29 23 des

3478 2496 193 27 promenades...
3696 2497 51 28 Que
3770 2499 31 22 de
3822 2499 59 28 joies
3899 2502 63 24 saines,

3476 2526 32 22 de
3525 2526 115 23 bonheur
3654 2534 114 16 nouveau
3783 2534 31 17 en
3829 2531 128 27 perspective,

3478 2561 67 21 po-ir
3559 2556 37 22 toi
3612 2556 50 28 qui,
3678 2556 155 24 maintenant
3847 2564 83 22 encore,
3939 2549 21 34 A

3480 2582 120 34 enfermé,
3620 2585 162 27 emprisonné
3802 2586 58 25 dans
3878 2588 30 23 les
3921 2589 36 23 artè-

3479 2618 41 17 res
3543 2612 45 24 des
3610 2614 109 27 grandes
3742 2614 92 24 villes-

3510 2641 64 23 Mais
3594 2641 55 24 cela
3668 2650 31 16 va
3718 2643 109 30 changer
3836 2644 30 24 .'...
3882 2643 20 26 si
3916 2646 19 22 tu
3948 2646 15 22 le

3479 2675 72 18 veux.

3511 2699 96 26 Allons,
3620 2700 75 29 jeune
3708 2701 58 27 ami,
3782 2701 67 24 viens
3860 2702 55 24 donc
3923 2710 33 22 pas-

3479 2733 42 16 ser
3544 2727 121 29 quelques
3688 2728 70 29 jours
3781 2736 31 17 en
3834 2731 64 22 notre
3914 2738 39 16 com-

3477 2757 115 29 pagnie...
3610 2758 70 23 Xous
3698 2766 107 17 sommes
3822 2761 34 22 tes
3872 2760 53 24 amis,
3937 2761 22 22 de

3481 2786 75 27 vrais,
3574 2788 25 22 et
3616 2787 62 23 c'est
3694 2789 125 29 pourquoi
3833 2789 40 23 dés
3886 2789 76 23 iminle-

3477 2818 63 21 nant
3559 2822 66 18 nous
3647 2818 24 22 te
3693 2817 86 24 crions
3802 2825 9 16 :
3831 2818 46 23 Ohé
3885 2819 10 23 !
3910 2819 52 23 vient

3478 2844 63 23 chez
3558 2851 89 18 nous...
3668 2846 62 23 chez
3750 2846 36 23 toi
3795 2847 11 23 !

3695 2875 109 21 Feraand
3821 2875 124 24 CROQUET.

1065 2915 35 33 Le
1118 2927 77 27 camp
1215 2915 33 35 de
1268 2914 165 39 Keerbergen
1452 2926 59 21 sera
1531 2915 200 31 officiellement
1745 2916 125 36 inauguré
1883 2915 25 30 le
1923 2916 16 29 4
1954 2916 69 29 août.
2039 2915 64 30 MaU
2119 2914 68 37 déjà,
2201 2926 31 18 en
2244 2925 16 18 a
2272 2915 216 36 avant-première
2501 2924 25 25 »,
2540 2913 23 30 le
2576 2912 183 38 photographe
2783 2924 16 20 a
2823 2912 55 32 fixé
2899 2924 67 27 pour
2988 2915 45 35 toî,
3058 2926 42 19 sur
3124 2913 28 33 la

1060 2979 130 39 pellicule,
1209 2979 125 39 quelques
1351 2981 62 30 sites
1430 2978 149 33 charmeurs
1592 2984 27 26 et
1629 2980 129 30 attirants.
1771 2978 65 37 Non,
1848 2990 43 20 ces
1904 2990 128 26 paysages
2044 2978 143 38 idylliques
2202 2989 33 20 ne
2251 2982 59 27 sont
2325 2979 73 37 point
2415 2977 46 31 des
2477 2977 138 31 chimères!
2646 2975 166 39 Keerbergen
2831 2982 40 26 est
2891 2989 49 19 une
2961 2977 99 38 réalité,
3083 2978 62 38 déjà

1804 3042 86 39 pleine
1904 3042 32 32 de
1950 3044 48 34 vie,
2014 3042 32 32 de
2059 3044 50 30 cris
2132 3047 27 26 et
2177 3041 32 33 de
2227 3041 135 32 lumière...

1176 3108 104 32 Bientôt
1294 3113 46 27 ton
1354 3119 49 27 pas
1419 3107 103 31 foulera
1539 3107 45 32 des
1608 3112 84 28 terres
1707 3118 93 21 encore
1816 3106 118 38 incultes,
1951 3108 45 38 qui
2011 3106 100 33 n'atten
2118 3105 62 33 dent
2196 3117 48 27 que
2262 3107 37 31 toi
2314 3117 67 28 pour
2396 3106 58 32 leur
2471 3105 98 33 donner
2584 3117 50 21 use
2652 3104 70 33 riche
2735 3116 96 28 parure
2844 3104 96 33 blonde
2955 3105 112 39 d'épis...

207 3715 69 39 Déjà
290 3718 17 29 à
322 3722 67 26 cette
402 3716 81 31 heure
497 3727 51 20 une
562 3717 80 37 petite
656 3714 71 32 tribu
749 3714 133 32 d'enfants
895 3715 89 31 vivent
998 3713 87 33 là-bas
1100 3713 46 34 des
1159 3713 93 32 heures

206 3758 172 37 ensoleillées,
389 3761 133 36 joyeuses.
533 3758 37 32 Us
583 3758 146 32 défrichent
750 3757 38 31 les
806 3763 82 25 terres
906 3769 34 19 en
957 3758 77 36 riant,
1052 3769 45 19 car
1114 3768 67 27 pour
1199 3768 52 20 eux

211 3801 135 32 travailler
361 3801 65 32 c'est
442 3802 35 31 du
493 3801 146 31 bonheur...
655 3800 114 36 Bientôt,
793 3802 37 29 toi
853 3801 79 36 aussi,
955 3805 30 26 tu
1007 3799 122 32 viendras
1154 3801 97 36 grossir

502 3843 73 32 leurs
588 3854 90 27 rangs.
693 3842 37 32 Us
750 3842 185 32 t'attendent...

209 4526 117 32 Moment
341 4525 33 33 de
388 4536 88 28 repos,
492 4524 33 32 de
540 4523 141 32 flânerie...
696 4521 38 32 En
752 4531 108 29 groupe,
875 4519 34 31 ils
922 4519 57 31 s'en
992 4524 64 26 vont
1070 4520 17 30 à
1100 4525 100 26 travers
1215 4519 40 32 les

206 4569 95 32 landes
323 4569 32 32 de
376 4568 157 39 bruyères...
555 4567 153 41 Expédition
736 4563 120 33 émaillée
883 4563 32 31 de
942 4561 72 32 mille
1041 4563 140 36 imprévus,
1209 4564 45 36 qui

208 4612 117 39 prendra
344 4611 113 39 l'aspect
477 4610 79 33 d'une
575 4609 71 32 belle
664 4613 131 28 aventure
817 4607 65 31 dans
903 4606 28 31 la
952 4616 19 20 «
981 4604 91 39 jungle
1082 4615 18 21 »
1123 4604 32 35 de
1176 4604 68 32 Keer-

205 4655 129 39 bergen...
354 4657 18 29 à
392 4656 85 30 moins
498 4653 79 40 qu'ils
597 4665 34 20 ne
652 4651 144 40 préfèrent
821 4651 90 30 visiter
939 4641 48 39 la*
995 4647 85 32 ferme
1110 4646 165 40 rustique..'.'*

1307 4018 72 32 Cette
1399 4029 72 21 mare
1492 4020 35 29 où
1548 4029 28 20 se
1596 4018 95 38 baigne
1712 4017 109 32 l'ombre
1842 4018 46 31 des
1903 4017 119 33 buissons
2037 4031 135 26 sauvages,
2191 4018 148 37 deviendra,
2358 4018 107 38 bientôt,
2481 4030 50 20 une
2545 4030 49 20 eau
2608 4019 114 38 limpide,
2738 4030 36 21 un
2786 4024 74 27 vaste

1758 4061 63 38 plan
1841 4062 138 38 aquatique
1996 4063 35 30 où
2046 4068 27 26 tu
2089 4064 52 30 iras
2157 4061 19 31 t'
2178 4061 108 37 ébattre,
2304 4072 116 26 nager...

1313 4114 163 38 Perspective
1496 4115 108 37 joyeuse
1624 4114 32 32 de
1674 4114 101 38 liberté,
1796 4114 31 32 de
1847 4120 87 32 sports
1949 4120 27 26 et
1993 4115 32 31 de
2041 4120 57 28 tant
2114 4115 114 32 d'autres
2244 4115 101 37 projets
2372 4114 63 32 dont
2457 4120 29 26 tu
2508 4116 149 30 connaîtras
2680 4126 61 20 sous
2763 4126 52 27 peu
2838 4114 27 32 la

1313 4156 158 32 réalisation.
1488 4157 66 31 Mais
1569 4168 66 27 pour
1650 4158 70 37 jouir
1736 4157 32 32 de
1783 4168 30 20 ce
1831 4155 67 33 beau
1916 4158 135 36 spectacle,
2061 4170 72 21 -nous
2149 4162 135 33 comptons
2301 4168 44 20 sur
2375 4159 45 35 toi,
2447 4169 44 19 sur
2514 4163 27 26 ta
2565 4160 77 35 jeune
2667 4158 106 30 volonté
2799 4169 66 27 pour

1863 4200 116 38 réaliser,
1998 4199 68 34 bâtir
2088 4201 64 32 dans
2171 4200 28 32 la
2218 4201 82 37 joie...

2945 3707 64 33 Midi
3025 3710 71 31 vient
3116 3709 32 32 de
3166 3722 104 20 sonner.
3288 3711 109 33 L'heure
3416 3713 32 32 de
3469 3718 26 27 la
3507 3725 18 20 «
3536 3725 82 28 soupe
3627 3727 19 20 »
3657 3727 17 21 a
3683 3717 93 30 retenti
3786 3716 66 31 aussi
3862 3724 29 20 an
3900 3719 56 23 créai

2947 3751 45 32 des
3009 3754 93 36 jeunes
3119 3759 158 27 estomacs...
3294 3754 39 31 De
3350 3760 59 27 tous
3427 3756 39 31 les
3489 3759 72 30 coins
3578 3758 35 32 du
3631 3758 119 32 domaine
3766 3758 70 31 boisé
3852 3754 95 39 apparais

2946 3800 58 26 sent
3025 3795 46 31 des
3090 3797 103 37 visages
3215 3799 139 31 souriants.
3376 3799 52 31 Nos
3448 3811 17 26 g
3476 3801 75 30 entils
3566 3803 195 36 pensionnaires
3775 3808 56 26 sont
3845 3798 111 32 affamés...

3360 3841 56 32 Bon
3431 3843 154 37 appétit!...
3625 3868 9 9 .

2953 4518 61 31 ...Le
3039 4519 74 31 soleil
3131 4520 71 38 rf'est
3225 4523 119 31 évanoui.
3371 4523 98 39 Crépus
3476 4524 57 31 cule
3546 4525 117 31 illuminé
3679 4525 31 35 de
3724 4533 89 22 mauve
3825 4525 25 27 et
3863 4517 27 31 de
3902 4512 51 32 fei-

2951 4561 108 32 L'heure
3076 4563 34 31 du
3125 4563 123 32 coucher!
3270 4565 47 31 Les
3333 4578 136 26 campeurs
3492 4574 143 31 regagnent
3653 4568 69 31 leurs
3738 4564 117 34 blanches
3869 4559 83 31 mais**

2952 4604 31 30 de
3003 4605 90 31 toile...
3113 4606 31 31 Et
3164 4607 27 30 la
3209 4607 88 38 lande,
3318 4609 50 35 elle
3389 4612 78 34 aussi,
3489 4610 124 32 s'endort.
3626 4611 47 31 Les
3687 4609 95 39 grands
3795 4608 101 34 hangars
3906 4595 39 33 abri-

2953 4652 57 26 tant
3021 4650 76 28 avion
3110 4654 26 25 et
3147 4649 132 38 planeurs,
3293 4657 59 25 sont
3364 4652 128 32 fermés...
3504 4653 117 38 Demain,
3634 4654 24 31 le
3671 4653 72 32 soleil
3755 4652 63 31 luira
3826 4650 14 29 à
3847 4646 101 31 r-envea"*

681 5711 5 5 •
731 5695 92 25 •."-

1220 5685 5 18 :

1393 5666 36 16 *■■

2650 5669 15 52 i
