3943 5650
116 306 75 89 La
206 306 107 87 Vie
334 304 303 91 Militaire

111 452 80 47 Avis
212 454 166 51 important
400 465 62 32 aux
484 450 157 44 mobilisés

158 517 54 53 qui
233 515 139 45 désirent
394 529 78 28 nons
495 513 103 45 écrire

139 576 70 21 Mous
226 576 83 26 prions
326 576 37 20 les
378 575 123 20 mobilisés
517 574 42 25 qai
577 573 50 20 dési-

114 606 55 19 rent
190 609 63 16 nous
274 605 84 22 écrire,
381 604 117 19 d'utiliser
521 602 116 20 l'adresse

111 634 143 19 ci-dessous:

227 668 122 20 Monsieur
364 667 28 21 O.
406 666 116 22 TASSIN

273 696 66 21 Colis
347 696 32 20 do
390 696 85 20 Soldat

196 738 17 16 «
226 732 42 20 LA
282 731 122 22 NATION
420 731 102 20 BELGE
536 736 16 16 »

236 761 73 21 Flaoe
327 762 30 19 de
376 760 136 20 Brouckère

311 789 125 21 Bruxelles

139 824 70 22 Noos
227 825 53 20 leor
301 825 112 21 saurions
436 824 137 21 Infiniment
593 825 45 25 gré

109 853 102 22 d'écrire
231 853 215 21 LISIBLEMENT
467 855 51 18 leur
539 854 99 20 adresse

109 882 19 21 k
141 882 133 21 l'Intérieur
287 883 31 20 de
331 883 53 20 leur
396 883 80 20 lettre.

116 941 131 61 POUR
292 942 95 60 NOS
427 942 211 60 SOLDATS

137 1043 67 19 Nous
221 1043 128 23 rappelons
367 1044 16 19 A
400 1047 44 16 nos
462 1043 102 20 lecteurs
582 1043 56 23 qu'il

111 1067 52 19 leur
177 1068 70 22 suffit
261 1068 30 19 de
304 1072 61 16 nous
379 1067 110 23 indiquer
502 1068 23 20 le
539 1068 99 20 numéro

110 1091 95 20 d'ordre
219 1092 33 19 du
266 1096 42 16 cas
322 1093 87 22 auquel
423 1093 30 19 ils
467 1093 126 23 acceptent
608 1092 30 19 de

109 1116 148 21 ^intéresser
275 1121 61 20 pour
353 1118 106 19 recevoir
477 1118 111 20 l'adresse
607 1118 31 19 de

111 1141 52 20 leur
177 1142 104 23 protégé.

138 1167 143 23 Cependant,
302 1167 61 20 dans
383 1166 103 21 Vintérèt
506 1167 33 21 du
560 1167 77 19 soldat

109 1192 86 22 même,
216 1196 63 15 nous
298 1192 112 22 saurions
431 1193 43 23 gré
496 1197 47 14 aux
567 1192 63 19 dona-

112 1216 66 20 teurs
192 1217 30 19 de
236 1216 112 24 spécifier
361 1217 61 19 dans
436 1217 51 19 leur
503 1221 127 19 correspon-

110 1240 77 21 dance
206 1240 50 21 s'ils
276 1242 122 22 comptent
418 1241 92 20 donner
530 1242 99 22 satisfac-

113 1266 56 23 tion,
186 1270 31 16 en
235 1267 52 18 tout
305 1271 31 15 ou
353 1271 32 14 en
401 1266 85 24 partie,
503 1266 94 24 lorsque
615 1267 23 19 la

110 1291 153 19 sollicitation
286 1292 121 22 comporte
430 1291 128 23 différents
581 1292 49 19 arti-

111 1315 57 20 cles.

135 1340 44 20 De-
183 1340 60 25 plus,
252 1340 19 20 il
282 1342 58 22 peut
349 1339 92 21 arriver
450 1345 46 19 que
505 1341 23 19 le
540 1340 98 20 numéro

112 1365 74 20 choisi
196 1366 47 19 soit
253 1365 55 23 déjà
319 1365 69 21 servi.
398 1366 67 18 Dans
476 1370 28 15 oe
515 1369 48 19 cas,
573 1366 58 18 auto-

110 1390 180 23 matiquement,
300 1395 61 15 nous
370 1391 93 22 faisons
473 1390 128 23 bénéficier
606 1394 33 15 un

111 1416 71 19 •«tre
194 1414 79 20 soldat
284 1415 59 19 dont
355 1415 25 19 la
393 1415 117 19 demande
523 1414 117 20 concorde

110 1444 60 16 aveo
186 1440 58 20 celle
259 1440 33 19 du
307 1440 99 19 numéro
423 1441 104 22 sollicité.

142 1466 81 22 Enfin,
240 1469 61 15 nous
318 1464 81 24 prions
415 1470 45 14 nos
475 1465 102 19 lecteurs
594 1469 45 19 que

111 1489 65 20 miette
203 1490 113 22 rubrique
347 1490 120 22 intéresse,
489 1490 31 18 de
542 1494 31 15 ne
594 1494 44 19 pas

111 1514 102 20 omettre
232 1515 31 19 de
281 1519 61 15 nous
361 1515 91 19 donner
472 1515 52 19 leur
542 1515 97 19 adresse

112 1539 82 19 exacte
204 1538 118 24 lorsqu'ils
332 1543 61 16 nous
403 1539 111 20 écrivent.

154 1583 122 52 échos
310 1572 293 63 eTnouvelies

212 1647 23 20 A
255 1647 40 20 LA
314 1646 231 20 FRATERNELLE

113 1670 63 22 DES
191 1671 27 20 Se
234 1671 42 20 ET
292 1671 27 20 6e
335 1670 180 22 CHASSEURS
530 1671 22 20 A
567 1671 77 20 PIED

141 1706 32 19 T*
187 1705 86 20 comité
286 1706 67 21 porte
366 1705 16 21 à
395 1707 24 19 la
432 1706 169 21 connaissance
615 1707 29 20 de

114 1735 42 17 sem
174 1730 118 20 membres
311 1730 69 22 Qu'en
400 1730 80 20 raison
499 1731 44 19 des
563 1729 72 21 événe-

113 1757 86 20 ments,
217 1754 144 21 l'assemblée
379 1754 110 23 générale
506 1755 40 22 qui
564 1755 80 20 devait

115 1783 27 15 se
154 1779 65 21 tenir
231 1779 23 19 le
266 1779 125 21 dimanche
405 1778 26 20 21
445 1780 100 19 courant
558 1780 37 21 est
609 1784 26 15 re-

114 1802 61 22 mise
192 1802 18 20 à
228 1807 47 17 une
294 1803 55 19 date
368 1802 133 21 ultérieure.

165 1847 219 22 REQUISITIONS
405 1847 61 20 BES
486 1847 107 21 AUTOS.

160 1870 192 21 SUSPENSION
369 1872 44 20 DU
432 1871 165 21 PAIEMENT

184 1895 46 20 DU
249 1895 79 20 PRIX
345 1895 45 20 DE
410 1895 162 21 LOCATION.

139 1919 99 21 L'achat
252 1921 42 18 des
307 1919 120 21 véhicules
441 1921 154 20 automobiles
608 1920 27 22 ré-

114 1944 155 23 quisitionnés
285 1950 30 15 en
329 1945 103 20 location
446 1946 37 20 est
497 1951 31 15 en
542 1951 75 15 cours.

139 1969 55 20 Aux
210 1970 89 18 termes
318 1970 29 19 de
365 1970 99 19 l'article
481 1970 19 22 4,
519 1970 80 21 littera
618 1971 23 20 e)

115 1993 30 21 de
159 1993 25 20 la
198 1993 31 20 loi
244 1994 33 19 du
292 1994 26 18 12
332 1994 49 20 mai
396 1994 53 19 1927
462 1999 44 16 sur
519 1995 35 19 les
568 1994 66 23 réqui-

114 2017 85 22 sitions
222 2018 130 22 militaires,
375 2019 24 19 la
421 2019 103 20 location
547 2020 37 19 est
605 2018 29 21 dé-

114 2041 66 20 duite
195 2042 33 20 du
243 2042 54 22 prix
312 2043 98 19 d'achat.

139 2066 107 20 Attendu
265 2071 45 18 que
330 2067 23 20 le
372 2066 94 21 Service
485 2067 43 20 des
547 2066 87 24 réquisi-

113 2089 65 21 tions
191 2088 33 22 du
237 2090 122 20 ministère
372 2091 31 21 de
416 2092 24 22 la
452 2090 104 22 Défense
568 2091 67 21 natio-

114 2115 56 20 nale
190 2114 37 20 est
246 2115 59 20 saisi
327 2115 29 20 de
378 2116 70 18 15.000
470 2116 174 22 significations

112 2137 31 20 de
159 2137 113 25 privilège
291 2143 41 15 sur
350 2140 22 18 le
391 2139 54 24 prix
460 2139 43 23 des
522 2139 118 20 véhicules

114 2164 26 20 et
157 2168 46 18 que
221 2169 28 15 ce
267 2164 54 22 prix
338 2165 37 19 est
393 2165 97 22 amputé
507 2166 127 19 mensuelle-

114 2188 67 20 ment
192 2188 69 20 d'une
273 2193 89 16 somme
373 2188 143 24 Importante
527 2194 44 18 par
581 2190 62 20 .suite

113 2212 35 20 dn
161 2212 119 22 paiement
294 2213 32 19 du
340 2213 53 20 nrïx
406 2214 29 20 de
449 2214 108 23 location,
570 2214 18 20 il
602 2215 32 19 im-

114 2237 70 22 porte
195 2237 30 19 de
238 2238 158 20 sauvegarder
409 2237 35 20 les
456 2238 100 20 intérêts
569 2238 65 23 légiti-

114 2265 53 16 mes
188 2262 42 19 des
251 2261 133 20 créanciers
405 2262 134 23 privilégiés
559 2264 33 21 ct,
613 2268 31 15 en

113 2284 79 22 même
203 2285 85 23 temps,
302 2286 34 19 les
349 2285 99 21 intérêts
461 2287 32 20 du
507 2287 91 20 Trésor.
611 2288 33 19 Le

113 2309 110 21 ministre
238 2310 29 19 de
283 2310 25 20 la
323 2309 102 21 Défense
442 2311 126 23 nationale,
585 2312 50 19 d'ac-

113 2334 57 19 cord
187 2339 58 15 avec
261 2335 22 19 le
298 2334 108 21 ministre
421 2335 43 21 des
479 2335 124 24 Finances,
619 2341 25 16 se

113 2358 51 21 voit
183 2358 61 19 dans
263 2358 144 22 l'obligation
425 2360 29 19 de
474 2361 129 22 suspendre
622 2361 22 19 le

113 2382 121 22 paiement
250 2383 33 19 du
301 2383 54 22 prix
371 2383 31 20 de
419 2384 102 20 location
539 2385 105 22 pendant

113 2406 38 21 lea
165 2406 62 21 mois
242 2407 30 20 de
288 2407 93 22 janvier
396 2408 25 19 et
436 2409 30 19 de
482 2408 89 21 février
585 2409 59 23 1M0,

113 2430 142 22 c'est-à-dire
269 2432 103 19 rendant
386 2431 22 20 le
420 2433 78 22 temps
511 2433 133 21 nécessaire

115 2459 61 18 pour
187 2456 102 20 achever
301 2456 35 19 les
348 2454 135 25 opérations
495 2458 95 20 d'achat
602 2459 42 19 des

114 2479 126 21 véhiculée.

141 2502 152 24 Néanmoins,
318 2504 36 20 les
378 2509 125 17 receveurs
528 2506 115 23 d'impôts,

113 2528 43 22 qui
172 2529 55 19 sont
242 2528 101 23 chargés
360 2529 32 20 du
408 2529 120 22 paiement
543 2531 32 19 du
592 2531 53 20 nrlx

113 2552 32 21 de
163 2552 103 21 location
283 2553 44 19 des
344 2553 120 21 véhicules
483 2554 161 24 automobiles,

114 2579 116 19 pourront
250 2577 125 23 continuer
394 2582 29 16 ce
444 2578 120 22 paiement
584 2584 61 17 pour

113 2596 38 24 ies
164 2605 104 16 sommes
284 2602 58 19 dues
359 2602 95 23 lusquea
470 2603 25 20 et
509 2607 18 18 y
541 2604 103 23 compris

114 2624 24 19 le
152 2624 27 21 31
193 2624 123 21 décembre
330 2626 59 20 1939.

115 2675 230 20 FRATERNELLE
359 2677 61 20 DES
433 2677 211 22 ESCADRILLES

160 2700 62 20 DES
232 2701 99 20 AUTOS
342 2701 157 22 BLINDEES
509 2703 87 20 1914-18

140 2724 157 21 L'assemblée
319 2725 110 23 générale
451 2727 30 21 de
504 2728 24 20 la
551 2729 84 18 Frater-

115 2750 60 19 nelle
190 2750 43 20 des
245 2749 144 22 Escadrilles
400 2751 43 20 des
456 2752 70 20 autos
539 2752 105 21 blindées

114 2772 114 21 1914-1918
242 2779 61 15 aura
316 2773 47 21 lieu
377 2775 23 20 le
414 2776 124 20 dimanche
552 2776 27 20 21
593 2778 42 21 jan-

114 2797 58 21 vier.
185 2797 117 23 Réunion,
314 2798 17 21 à
344 2799 26 20 10
382 2799 31 23 h.,
426 2804 43 16 rue
483 2800 162 21 Marché-aux-

114 2821 83 23 Porcs;
215 2821 18 21 à
248 2822 27 19 10
291 2823 23 19 h.
330 2823 33 22 30,
380 2828 32 16 au
428 2824 82 21 Soldat
525 2825 117 23 Inconnu;

97 2843 78 35 ^jjl
192 2846 29 21 lu
238 2845 18 21 à
272 2846 102 21 1TJFAC.
391 2847 121 24 Déjeuner
528 2854 43 15 sur
587 2850 59 20 invi-

97 2867 95 24 fation
208 2869 17 21 à
240 2870 27 20 13
282 2871 23 20 h.
322 2871 132 22 Adhésions
470 2878 32 15 au
518 2873 126 23 président.

159 2914 206 21 FEDERATION
383 2915 213 23 INTERALLIEE

148 2938 62 20 DES
229 2939 135 22 ANCIENS
384 2941 225 22 COMBATTANTS

141 2963 35 20 La
193 2964 91 20 section
300 2964 114 22 féminine
431 2967 30 20 de
477 2967 25 19 la
519 2967 126 21 FJ.D_AjC.

114 2987 111 22 organise
243 2993 30 15 sa
291 2989 50 21 fête
359 2990 109 21 annuelle
488 2992 122 20 enfantine
629 2992 17 20 à

115 3010 80 21 l'hôtel
209 3012 30 20 de
253 3013 102 22 l'UFAC,
369 3013 32 23 65,
416 3019 43 15 rue
473 3015 29 19 de
516 3016 25 20 la
553 3015 82 24 Régen-

115 3040 36 18 ce,
167 3036 23 20 le
205 3037 64 22 jeudi
285 3037 27 19 25
327 3038 99 23 janvier,
442 3038 17 21 à
474 3039 26 19 14
517 3040 22 19 h.
555 3040 33 19 30.
603 3040 33 20 At-

114 3060 123 23 tractions,
252 3060 89 24 goûter,
353 3063 153 21 distribution
518 3065 30 20 de
561 3065 83 21 jouets.

142 3084 46 21 Les
211 3085 104 20 affiliées
339 3091 58 15 avec
421 3088 63 19 leurs
508 3089 97 20 enfants
629 3095 16 17 y

114 3108 57 18 sont
194 3108 109 20 conviées
322 3111 174 21 gratuitement
522 3116 43 15 sur
589 3112 42 23 pré-

115 3134 121 20 sentation
252 3134 29 22 de
298 3135 25 20 la
338 3136 66 20 carte
420 3136 30 21 de
465 3137 105 21 membre
587 3138 58 20 1940.

142 3157 36 21 La
192 3158 125 20 cotisation
332 3161 110 19 annuelle
459 3161 100 21 (mlnim.
573 3162 15 19 2
602 3163 40 21 fr.)

116 3181 51 21 doit
181 3181 54 21 être
249 3183 82 20 versée
348 3189 32 15 au
396 3184 25 21 C.
438 3184 25 21 C
480 3186 26 20 P.
523 3186 30 20 de
569 3186 32 20 M.
617 3187 28 21 A.

116 3206 140 23 Lemercier,
278 3207 126 24 Waterloo,
426 3210 28 18 n*
476 3209 78 24 810.95,
576 3216 32 15 ou
629 3211 17 21 à

116 3230 103 23 rentrée,
233 3231 21 20 le
268 3231 54 20 leur
334 3233 30 19 de
379 3233 24 20 la
416 3233 55 23 fête,
484 3233 17 21 à
513 3234 27 19 14
553 3235 92 21 heures.

114 3278 115 22 SOIREE
241 3280 213 27 DRAMATIQUE
467 3283 47 22 ATJ
526 3284 116 22 PROFIT

112 3307 63 22 DES
185 3308 141 22 ANCIENS
336 3310 122 22 ELEVES
469 3312 173 22 SALESDGNS

293 3338 169 23 MOBILISES

141 3366 132 21 Dimanche
284 3368 28 20 21
321 3369 99 24 janvier,
431 3370 17 20 à
459 3370 27 20 17
497 3371 24 20 h.
533 3371 109 24 précises,

114 3390 36 22 lee
174 3392 135 23 Chevaliers
331 3394 29 21 de
382 3394 25 20 la
429 3395 82 20 Bonne
534 3397 109 20 Humeur

117 3417 137 23 organisent
276 3423 31 15 en
331 3419 25 19 la
377 3419 60 20 salle
459 3421 119 23 Amicitia,
599 3427 44 15 rue

116 3441 158 24 Saint-Henri,
291 3443 32 22 62,
341 3443 17 20 à
374 3444 105 21 Woluwe
498 3446 145 20 Satnt-Lam-

108 3466 67 25 -bert.
192 3472 47 16 une
254 3468 76 19 soirée
348 3469 157 23 d'optimisme
520 3475 32 15 au
568 3471 75 23 profit

115 3490 44 21 des
175 3492 97 20 anciens
291 3492 77 21 élèves
386 3493 114 21 salésiens
516 3495 127 21 mobilisés.

141 3516 39 20 Au
194 3521 159 20 programme:
371 3523 15 17 <
401 3519 35 19 les
450 3519 61 20 deux
526 3520 88 24 bègues
630 3527 12 13 »

116 3543 27 17 et
159 3547 12 13 <
188 3542 110 19 Incendie
315 3549 19 16 >,
350 3542 62 21 deux
429 3543 117 21 comédies
562 3550 31 16 en
610 3550 32 15 un

115 3565 61 23 acte,
192 3567 26 19 et
234 3573 13 13 €
264 3567 180 24 Roncevaux':»,
460 3568 104 21 comédie
581 3574 31 16 en
629 3570 14 19 2

116 3591 73 19 actes.
208 3591 146 21 Intermèdes
374 3593 119 21 Tombola.
512 3603 29 6 —
559 3594 84 20 Cartes

115 3614 18 21 à
147 3615 15 20 3
175 3616 26 20 et
215 3615 15 21 5
243 3617 31 19 fr.

202 3690 108 51 Union
324 3694 74 47 des
407 3689 161 58 drapiers

208 3750 176 22 MARCHAND
401 3753 156 19 TAILLEUR

226 3776 43 19 DE
282 3776 131 19 GRANDE
427 3777 113 20 CLASSE

119 3799 22 21 A
153 3799 61 20 DES
226 3800 76 20 PRIX
315 3801 81 20 TRES
408 3802 237 20 RAISONNABLES

122 3823 44 20 fait
175 3825 43 20 des
229 3824 131 22 uniformes
370 3826 155 23 Impeccables
535 3827 41 24 qui
586 3831 59 16 tous

120 3848 133 25 donneront
271 3850 25 20 la
315 3850 53 23 plus
387 3850 89 20 entière
496 3852 148 19 satisfaction

288 3879 30 15 en
336 3874 53 21 tout
407 3875 74 23 point,

121 3897 194 21 BRUXELLES:
329 3899 34 23 82,
373 3900 114 19 chaussée
497 3901 112 20 dlxellm.

330 3923 35 23 32,
376 3924 98 21 Marché
487 3930 48 16 aux
548 3926 96 20 Herbes.

329 3948 34 23 30,
375 3949 53 21 Rue
446 3949 43 21 des
506 3949 114 22 Colonies.

122 3971 113 20 NAMUR
330 3972 33 24 21,
376 3973 52 21 Rue
443 3975 41 19 dos
501 3975 120 20 Croislera.

121 3995 67 20 nUT
344 3997 21 22 5,
377 3997 166 22 Grand'PIaœ.

584 4025 60 22 (418)

122 4044 125 20 ANVERS
341 4047 19 21 5,
373 4046 72 21 Place
459 4048 105 21 Tenlers.

122 4069 97 21 LIEGE
341 4072 21 21 8,
374 4076 44 16 rue
433 4073 31 19 de
481 4074 152 19 l'Université.

122 4092 88 22 GAND
329 4096 33 21 15,
374 4096 54 20 Rue
443 4097 32 21 du
492 4098 75 20 Soleil.

122 4117 124 22 BRUGES
342 4121 22 23 S,
376 4121 53 20 Bue
443 4121 153 25 PhiUpstoek.

122 4142 160 21 COURTRAI
326 4144 35 24 tt,
373 4145 165 22 Grand-Place.

123 4167 181 21 CHARLEROI
330 4169 34 23 »,
375 4169 54 21 Rue
445 4171 32 20 du
493 4171 100 25 Collège.

214 4225 62 22 PAS
292 4226 45 21 DE
355 4227 198 24 GASPILLAGE

146 4253 35 21 I*
197 4255 109 24 ministre
322 4256 29 21 de
366 4257 27 20 la
408 4258 103 22 Défense
528 4260 119 21 nationale

120 4277 74 22 attire
214 4279 29 21 de
265 4285 108 17 nouveau
393 4282 133 22 l'attention
544 4285 103 24 spéciale

121 4304 43 20 des
177 4305 115 21 autorités
305 4306 125 21 militaires
441 4308 25 20 et
478 4308 30 20 de
520 4309 26 21 la
557 4311 91 22 troupe,

121 4333 44 17 sur
185 4330 26 20 la
233 4330 115 21 nécessité
379 4332 139 24 impérieuse
550 4334 98 21 d'éviter

120 4354 54 20 tout
186 4355 129 25 gaspillage
328 4357 29 20 do
371 4357 98 21 denrées
480 4358 167 22 alimentaires.

149 4378 22 21 H
188 4384 30 16 ns
236 4380 57 25 peut
310 4380 50 21 être
379 4383 106 22 question
503 4383 30 20 de
550 4383 97 21 réaliser

120 4403 45 21 des
180 4404 132 21 économies
329 4406 186 25 systém.i.iques,
533 4408 21 20 le
570 4408 78 21 soldat

122 4430 74 22 ayant
218 4429 63 21 droit
301 4430 17 21 à
338 4431 23 18 la
382 4432 77 19 ration
482 4431 87 25 prévue
589 4438 60 20 pour

122 4454 86 20 autant
218 4455 55 24 qu'il
283 4454 27 20 la
319 4460 135 17 consomme
466 4457 182 24 effectivement.

150 4479 62 20 Mais
229 4480 17 20 II
263 4484 19 20 y
300 4485 16 15 a
335 4480 47 21 lieu
402 4480 30 21 de
451 4481 101 25 prendre
571 4483 79 20 toutes

119 4502 37 22 les
166 4508 107 16 mesures
285 4503 135 26 adéquates,
431 4507 94 23 compte
537 4507 55 20 tenu
605 4507 44 20 des

121 4528 183 25 circonstances,
334 4534 29 15 en
394 4534 46 16 vue
470 4530 96 20 d'éviter
595 4531 53 21 tout

122 4553 129 24 gaspillage
267 4553 30 21 de
311 4554 85 24 vivres,
409 4554 26 21 et
449 4554 53 21 cela
515 4555 30 20 de
559 4556 26 20 la
596 4561 52 15 ma.

122 4577 67 21 nière
204 4578 25 20 la
243 4578 54 24 plus
310 4578 90 22 etjHctts.

149 4602 20 20 H
181 4602 101 25 importe
293 4607 52 21 que,
357 4604 60 20 dans
429 4603 35 23 les
475 4605 173 19 clrconjtances

659 301 51 59 En
726 313 73 48 vue
817 300 45 61 de
877 300 38 61 la
933 297 257 76 suppression

755 388 71 63 des
854 388 243 75 exemptions

684 502 56 20 MM.
763 502 142 22 Mundeleer,
926 502 128 20 Maistriau
1073 503 26 20 et
1117 501 66 21 Jorta

662 529 42 18 ont
722 526 86 25 déposa
826 528 25 20 la
867 527 146 24 proposition
1043 527 30 20 de
1091 527 32 20 loi
1140 527 39 20 sui-

662 553 71 20 vante
750 558 6 13 :

688 584 13 13 <
721 579 88 19 Toutes
829 578 35 19 les
885 577 146 23 exemptions
1050 578 31 20 de
1099 578 92 20 service

657 605 24 14 m
683 601 16 19 11
700 601 60 20 taire
781 599 126 21 accordées
928 605 47 15 aux
995 601 125 19 militaires
1141 602 41 18 des

661 625 88 20 classes
762 625 29 20 de
805 624 52 20 1920
871 624 16 20 à
900 624 52 20 1940
965 626 56 19 sont
1033 624 153 25 supprimées.

684 655 12 13 >
716 650 45 21 Les
781 650 115 19 miliciens
914 650 29 20 de
963 654 40 15 ces
1022 650 88 19 classes
1142 651 40 23 qui

661 677 65 19 n'ont
745 681 44 17 pas
806 676 47 20 fait
870 676 30 20 de
917 677 92 19 service
1026 676 111 19 militaire
1154 680 27 15 se-

660 700 55 18 ront
733 699 135 24 incorporés
886 698 16 20 à
921 700 8 18 1
936 699 123 23 exception
1078 700 29 19 de
1125 704 60 15 ceux

658 724 40 23 qui
719 725 81 18 seront
820 723 106 20 déclarés
961 724 93 23 inaptes
1074 728 45 20 par
1148 724 36 20 les

660 750 164 20 commissions
842 750 31 20 de
891 751 165 20 recrutement.
1075 756 12 13 >

684 773 45 20 Les
743 775 98 17 auteurs
855 773 29 19 do
899 774 24 18 la
937 774 146 22 proposition
1097 773 25 19 la
1135 774 39 22 jus-

660 797 79 19 tifient
757 802 93 16 comme
870 798 48 19 suit
938 803 6 13 :

688 830 11 12 «
712 824 35 20 Le
759 823 82 22 devoir
852 823 31 23 de
895 823 55 22 tous
962 824 35 19 les
1009 823 85 24 Belges
1107 828 31 16 en
1150 828 40 16 ces

658 846 86 22 heures
758 847 112 19 difficiles
882 849 36 18 est
930 847 29 20 de
971 847 76 20 servir
1059 851 43 15 son
1114 851 68 20 pays:

684 876 13 13 >
717 870 63 21 Tous
798 871 35 20 les
852 871 107 23 citoyens
977 873 43 19 ont
1038 871 145 24 l'obligation

657 896 90 20 morale
763 896 150 23 d'accomplir
928 897 22 20 le
966 896 90 20 service
1071 896 112 21 militaire

660 920 60 20 dans
737 921 35 19 les
789 920 88 21 limites
895 921 29 19 de
942 921 64 20 leurs
1023 925 105 19 moyens.

682 950 13 13 >
715 945 48 19 Des
783 945 153 20 nombreuses
956 946 147 23 exemptions
1122 951 60 19 pour

659 974 71 15 cause
748 970 114 23 physique
880 971 43 19 ont
938 969 38 21 été
994 970 133 21 accordées.

684 1000 11 12 »
717 995 35 18 En
771 996 79 22 temps
869 996 97 21 normal,
984 995 36 20 les
1037 996 146 23 inaptitudes

658 1019 126 24 physiques
795 1021 43 18 ont
849 1019 37 21 été
898 1019 135 24 appréciées
1044 1025 58 15 avec
1113 1021 61 19 beau-

657 1048 62 20 coup
737 1044 53 24 plus
807 1044 30 21 de
854 1045 90 19 facilite
961 1045 97 23 qu'elles
1087 1045 96 20 doivent

658 1069 8 19 1
673 1068 50 21 être
737 1074 30 15 en
783 1074 46 15 une
846 1069 93 23 pCriode
955 1074 32 15 ou
1001 1070 22 20 le
1039 1075 60 19 pays
1113 1076 17 14 a
1145 1070 29 20 be-

660 1094 52 19 soin
727 1094 30 20 de
772 1093 79 22 toutes
866 1099 38 15 ses
919 1095 79 19 forces
1013 1095 131 19 militaires.

683 1123 13 13 >
707 1118 48 21 Des
767 1118 117 21 incidents
896 1118 93 22 récents
1001 1120 43 20 ont
1053 1118 73 21 établi
1136 1124 46 20 que

659 1143 42 20 des
717 1144 59 18 abus
793 1144 42 19 ont
850 1142 79 23 même
945 1143 81 22 existé.

683 1173 14 14 »
713 1167 21 20 H
751 1168 101 23 importe
869 1168 60 20 donc
945 1169 30 19 de
991 1169 62 20 faire
1070 1168 103 20 réexami-

660 1197 41 14 ner
717 1193 55 20 tous
787 1193 35 20 les
837 1194 95 23 Inaptes
946 1193 52 21 afin
1014 1193 29 20 de
1059 1193 126 24 récupérer

659 1218 75 22 parmi
754 1222 52 19 eux,
825 1222 60 15 ceux
903 1218 41 24 qui
963 1218 138 24 pourraient
1133 1217 51 22 être

659 1241 91 21 utilisés
771 1243 52 18 tant
842 1247 61 19 pour
922 1242 41 22 des
983 1244 102 18 services
1104 1243 80 20 armés

659 1271 46 19 que
723 1272 61 19 pour
801 1268 43 19 des
862 1267 103 21 services
984 1268 142 23 auxiliaires.

683 1296 14 14 >
710 1291 111 21 D'autres
836 1292 146 24 exemptions
996 1294 43 19 ont
1052 1292 38 21 été
1105 1298 70 14 accor-

661 1316 54 20 dées
735 1322 59 19 pour
813 1317 42 20 des
874 1317 83 20 motifs
976 1317 125 20 familiaux
1119 1322 31 15 ou
1168 1317 18 20 &

661 1342 78 18 raison
755 1342 32 18 du
801 1342 47 19 fait
862 1346 46 19 que
922 1342 25 19 la
960 1342 108 23 quantité
1082 1343 29 19 de
1125 1342 51 19 mili-

660 1366 65 20 ciens
742 1365 121 25 dépassait
879 1366 22 21 le
918 1367 112 20 montant
1047 1367 32 19 du
1096 1367 81 20 contin-

659 1391 63 23 gent

685 1421 11 12 »
709 1415 46 20 Les
766 1414 165 21 bénéficiaires
943 1416 30 21 de
985 1421 40 17 ces
1036 1416 148 24 exemptions

660 1440 43 20 ont
723 1440 51 24 joui
808 1440 134 24 largement
978 1440 42 21 des
1054 1442 131 23 avantages

659 1465 95 24 qu'elles
771 1465 52 20 leur
839 1466 43 19 ont
899 1465 118 24 procurés.

685 1494 13 15 >
715 1489 88 21 Toutes
819 1490 35 20 les
870 1490 104 20 familles
991 1490 68 21 étant
1075 1491 99 19 actuelle-

661 1516 64 18 ment
743 1514 117 24 frappées,
892 1515 17 20 il
927 1516 74 19 serait
1019 1515 89 23 injuste
1138 1520 46 20 que

661 1539 77 20 soient
753 1540 149 20 maintenues
917 1540 35 20 les
964 1540 97 20 faveurs
1076 1540 40 24 qui
1131 1539 56 24 déjà

661 1570 27 15 se
703 1566 143 22 Justifiaient
860 1571 68 15 asesz
941 1571 46 18 peu
1000 1571 32 16 cn
1046 1566 78 23 temps
1139 1572 44 14 nor-

662 1590 53 17 mal.

685 1618 14 14 »
717 1613 20 20 H
756 1612 80 25 parait
851 1613 64 24 juste
933 1617 47 20 que
1010 1619 41 15 oes
1069 1614 116 20 miliciens

660 1637 40 24 qui
717 1639 43 18 ont
776 1637 55 24 déjà
846 1638 50 23 joui
912 1638 55 20 d'un
982 1638 113 25 privilège
1111 1639 66 20 consi-

661 1662 94 21 dérable
776 1663 79 21 soient
875 1663 71 20 tenus
966 1663 135 25 d'apporter
1134 1664 53 20 leur

661 1692 113 15 concours
793 1692 32 15 au
842 1692 65 20 pays.

685 1717 13 14 »
713 1712 66 21 Nous
796 1716 58 16 vous
869 1712 140 24 présentons
1024 1713 63 20 cette
1102 1718 75 20 propo-

661 1736 72 21 sition
749 1737 29 21 de
794 1737 33 20 loi
843 1738 61 19 dans
919 1738 22 19 le
957 1739 51 19 seul
1023 1738 44 20 but
1082 1738 29 20 de
1124 1738 62 20 foire

660 1762 126 24 supporter
806 1763 69 20 d'une
895 1761 106 21 manière
1022 1762 118 25 équitable
1160 1764 25 20 et

662 1786 67 24 égale
748 1786 36 22 lee
803 1787 101 23 charges
923 1787 126 20 militaires
1068 1792 45 19 par
1132 1787 55 20 tous

660 1812 35 19 les
709 1812 106 23 citoyens
831 1811 79 24 belges
927 1817 20 14 ».

760 1883 50 31 Les
830 1883 66 31 faux
916 1885 173 36 épileptique*

793 1931 89 26 seront
900 1928 152 35 incorporés

674 1989 47 21 (De
737 1990 68 19 notre
821 1990 186 21 correspondant
1024 1990 147 24 particulier)

880 2016 128 22 Charleroi,
1025 2016 27 19 18
1068 2016 97 23 janvier.

689 2039 126 23 L'enquête
839 2040 98 20 relative
961 2045 48 15 aux
1046 2041 146 22 exemptions

663 2064 124 20 militaires
805 2069 61 15 nour
884 2064 109 23 épilepsie
1013 2065 111 19 continue
1142 2066 41 18 tou-

662 2089 67 21 jours
744 2093 58 15 avec
817 2089 25 19 la
856 2088 77 20 même
948 2089 97 20 activité
1061 2091 25 18 et
1101 2090 91 22 chaque

663 2113 54 21 jour
732 2113 42 19 des
789 2113 119 22 exemptés
922 2114 55 19 sont
991 2114 46 20 mis
1051 2119 31 15 en
1096 2113 88 23 préven-

660 2136 59 20 tion.
735 2137 38 20 On
787 2142 31 14 en
833 2138 84 19 estime
933 2138 22 19 le
969 2138 99 20 nombre
1082 2138 101 20 actuelle-

663 2163 67 19 ment
743 2161 17 20 à
774 2161 45 20 125.

687 2185 49 20 Des
754 2185 152 23 dispositions
923 2187 43 19 ont
983 2185 38 21 été
1039 2186 76 23 prises
1133 2192 60 17 pour

663 2214 29 15 en
709 2210 178 23 communiquer
903 2211 24 19 la
944 2211 53 19 liste
1014 2215 47 15 aux
1077 2210 115 22 autorités

663 2234 129 23 militaires,
810 2236 41 20 qui
869 2235 120 22 comptent
1007 2236 129 21 soumettre
1153 2240 40 15 ces

664 2257 120 23 exemptés
805 2258 16 20 à
843 2263 47 15 une
912 2259 70 20 visite
1003 2259 115 21 médicale
1139 2265 43 17 pro-

663 2282 85 20 chaine
764 2288 31 14 en
811 2288 45 14 vue
872 2283 29 19 de
918 2284 52 19 leur
985 2283 182 24 Incorporation.

664 2337 41 32 Un
723 2339 103 31 dernier
843 2339 140 38 hommage
1000 2351 53 20 aux
1070 2343 116 28 victimes

693 2380 34 32 de
747 2381 138 32 l'incendie
907 2382 33 31 de
959 2382 201 32 Basse-Bodenx

744 2452 37 19 (Dt
795 2456 47 13 mff-rt
854 2451 132 21 esnespofmdaMt
998 2452 109 21 pertiaiSer)

887 2479 117 25 Verviers,
1022 2480 27 20 18
1066 2480 99 23 janvier.

686 2510 71 21 Jeudi
776 2511 134 24 après-midi
929 2518 16 14 a
963 2518 30 15 eu
1010 2513 47 20 lieu
1074 2513 16 20 à
1108 2514 77 19 Trcis-

664 2535 74 19 Ponts
762 2537 25 19 la
807 2536 144 20 translation
979 2536 16 21 à
1015 2537 25 20 ia
1068 2542 58 19 gare
1148 2537 42 20 des

664 2565 71 19 corps
749 2561 41 22 des
804 2562 84 22 quatre
903 2562 107 19 victimes
1025 2563 29 20 de
1068 2562 122 20 l'incendie

665 2586 109 23 tragique
797 2587 32 19 du
850 2586 171 24 baraquement
1043 2587 111 20 militaire
1175 2587 17 20 à

666 2611 185 23 Basse-Bodcux.

687 2637 67 20 Cette
775 2637 131 20 cérémonie
926 2640 55 20 s'est
1001 2637 109 21 déroulée
1128 2639 60 20 dans

662 2666 45 15 une
732 2662 151 24 atmosphère
907 2662 161 24 douloureuse,
1092 2663 36 21 les
1151 2669 26 15 re-

661 2687 65 23 grets
742 2686 90 21 étaient
847 2687 80 21 avivés
944 2693 84 15 encore
1044 2693 45 19 par
1103 2689 23 19 le
1143 2689 46 19 fait

661 2716 45 19 que
719 2712 34 19 les
766 2713 75 19 morts
855 2712 91 21 étaient
959 2713 28 21 de
1002 2714 83 23 jeunes
1099 2714 89 20 soldats

662 2736 144 20 récemment
822 2736 108 25 rappelés
946 2743 56 14 sous
1018 2738 34 20 les
1069 2739 121 23 drapeaux

660 2762 26 18 et
704 2766 46 19 que
769 2762 25 19 la
811 2763 65 19 mort
895 2764 37 18 est
950 2768 77 15 venue
1044 2764 143 24 surprendre

661 2791 29 15 en
709 2786 139 20 d'horribles
865 2788 182 22 circonstances.

690 2810 46 20 Les
753 2815 69 19 corps
840 2812 17 20 à
873 2811 78 21 l'issue
970 2812 29 19 de
1017 2813 24 19 la
1058 2811 131 21 cérémonie

662 2836 99 20 funèbre
775 2838 43 19 ont
831 2837 38 20 été
885 2838 87 20 rendus
986 2843 47 15 aux
1047 2839 103 19 familles
1165 2842 25 16 et

662 2862 81 18 seront
758 2861 109 20 inhumés
883 2863 60 19 dans
958 2863 35 19 les
1009 2863 107 20 localités
1132 2863 58 20 dont

666 2884 89 22 étaient
771 2885 139 24 originaires
927 2886 34 20 les
978 2886 114 21 victimes.

888 2918 73 19 +**

708 2951 41 31 LE
764 2951 65 31 FEU
843 2952 89 31 DANS
947 2952 45 31 UN
1009 2953 137 31 TISSAGE

832 2994 26 31 A
873 2994 145 32 0PWYCK

676 3064 47 21 (De
740 3065 68 20 notre
824 3065 186 24 correspondant
1025 3066 148 24 particuMer)

923 3086 17 22 $

863 3104 138 22 Termonde,
1020 3105 27 19 18
1065 3105 99 24 janvier.

688 3128 38 19 Un
749 3128 108 21 incendie
879 3126 56 22 s'est
959 3129 92 20 déclaré
1073 3129 116 20 mercredi

662 3153 49 20 scir
728 3158 54 15 vers
798 3154 14 19 7
830 3155 23 18 h.
877 3154 54 19 lans
949 3159 33 15 ur.
1000 3155 130 23 Important
1148 3155 32 19 tis-

662 3183 57 18 sage
740 3178 134 24 d'Opwyck.
895 3179 49 20 Des
963 3179 111 20 flammes
1094 3179 96 20 avalent

661 3203 60 23 jailli
738 3203 56 20 d'un
812 3203 73 24 dépôt
902 3203 29 20 de
950 3204 112 21 chiffons.
1080 3204 64 20 Elles
1163 3209 25 15 se

662 3228 158 24 propagèrent
848 3228 91 20 bientôt
965 3228 17 21 à
1010 3234 47 15 une
1085 3229 46 19 aile
1160 3229 30 19 de

662 3253 89 19 l'usine.
787 3253 46 20 1*8
869 3258 98 15 secours
1006 3254 184 24 s'organisèrent

661 3278 102 19 aussitôt
777 3279 25 19 et
818 3278 45 20 l'on
878 3278 32 20 fit
925 3279 68 22 appel
1008 3283 48 15 aux
1070 3279 119 24 pompiers

662 3302 29 20 de
704 3303 132 21 Termonde
848 3304 41 23 qui
902 3303 94 20 vinrent
1009 3303 67 20 aider
1088 3308 60 15 ceux
1160 3303 29 19 de

663 3327 24 20 la
704 3332 123 16 commune
843 3328 24 19 et
883 3327 69 21 d'une
967 3328 68 22 usine
1051 3328 96 20 voisine.

689 3359 230 20 Malheureusement
935 3359 22 19 le
974 3359 38 24 gel
1030 3360 92 19 intense
1138 3363 43 16 ren-

662 3383 36 20 dit
719 3384 34 19 les
776 3384 101 19 travaux
900 3384 152 20 d'extinction
1075 3383 105 20 extrême-

662 3409 67 19 ment
745 3409 118 22 difficiles,
880 3408 61 20 l'eau
958 3409 92 20 faisant
1066 3408 83 20 défaut
1165 3409 25 18 et

663 3433 78 21 l'huile
758 3435 42 18 des
815 3435 105 19 moteurs
936 3434 42 19 des
995 3438 97 19 pompes
1109 3438 26 15 se
1152 3438 28 19 ge-

663 3458 57 20 lant.
745 3458 149 21 Finalement
919 3463 31 14 on
976 3460 44 22 put
1044 3458 86 20 établir
1154 3463 34 14 un

663 3483 99 19 raccord
784 3487 58 16 avec
864 3483 23 19 le
910 3483 65 24 puits
999 3483 69 20 d'une
1092 3483 98 19 laiterie.

663 3508 62 19 Mais
737 3508 16 20 à
767 3513 27 15 ce
806 3509 107 19 moment
926 3508 124 20 l'incendie
1062 3503 66 24 avait
1141 3507 50 25 pris

664 3538 46 15 une
730 3532 90 25 grande
841 3533 123 19 extension
985 3533 26 19 et
1032 3533 47 20 l'on
1100 3532 43 20 dut
1165 3536 25 16 Be

663 3558 86 19 borner
759 3558 16 19 à
788 3556 123 26 préserver
922 3558 35 19 les
967 3558 82 19 autres
1059 3558 90 23 parties
1162 3557 28 19 de

663 3582 83 20 l'usine
757 3583 62 19 ainsi
834 3587 44 20 que
892 3583 24 20 la
929 3582 92 20 maison
1035 3581 155 21 d'habitation

665 3607 31 20 du
719 3607 139 24 comptable.
874 3607 34 21 Le
930 3607 42 20 feu
988 3612 30 15 ne
1033 3607 39 20 fut
1087 3607 93 19 circons-

662 3632 47 20 crit
722 3632 108 24 qu'après
844 3631 117 25 plusieurs
974 3632 87 20 heures
1075 3631 115 20 d'efforts.

663 3657 46 19 Les
735 3656 83 24 dégâts
840 3656 134 24 atteignent
996 3656 118 24 plusieurs
1138 3660 44 15 cen-

664 3682 77 18 taines
758 3682 29 19 de
804 3682 97 18 milliers
916 3682 29 19 de
961 3682 88 19 francs.

888 3705 75 20 e>ep4>
1165 3711 27 7 —

666 3738 42 46 A
744 3739 201 45 Travers
981 3738 49 46 le
1065 3738 125 56 Pays

679 3822 48 22 (De
743 3823 69 20 notre
826 3822 186 24 correspondant
1028 3822 148 23 particulier)

846 3854 50 23 DA
897 3853 43 24 NS
961 3853 47 23 LE
1028 3852 92 24 HAIN
1121 3852 68 24 AU1

819 3904 23 20 A
857 3905 105 19 CHARL
963 3906 20 17 K
985 3905 60 18 ROI.

775 3929 87 20 POUR
874 3929 41 20 LA
928 3930 161 18 FINLANDE

695 3954 36 21 La
746 3954 97 21 collecte
860 3954 122 23 organisée
999 3956 16 20 à
1030 3955 79 20 l'issue
1126 3954 28 20 de
1170 3954 24 19 la

670 3978 140 21 conférence
832 3979 90 23 donnée
950 3979 17 21 à
994 3979 148 21 l'Université
1163 3980 32 19 du

670 4004 95 20 Travail
781 4005 60 19 Paul
856 4005 94 22 Pastur,
964 4009 57 15 sous
1037 4006 34 19 les
1086 4004 108 24 auspices

671 4029 29 20 de
717 4030 26 19 l'e
750 4029 71 19 Adeis
828 4034 20 18 »,
863 4033 44 16 sur
923 4034 12 14 «
941 4029 36 19 La
993 4029 122 23 Finlande,
1131 4029 63 19 terre

672 4055 27 19 de
717 4053 97 26 progrès
830 4054 25 20 et
871 4053 139 21 d'héroïsme
1017 4060 17 16 >,
1051 4061 17 15 a
1084 4054 111 23 rapporté

671 4079 24 20 la
713 4083 91 16 somme
823 4079 30 19 de
872 4078 41 21 400
932 4079 30 20 fr.
982 4078 40 26 qui
1042 4083 16 15 a
1077 4078 38 21 été
1133 4079 61 20 mise

670 4103 17 21 à
704 4103 24 20 la
747 4104 135 22 disposition
900 4105 30 19 de
948 4104 31 19 M.
996 4104 64 20 Vital
1078 4104 117 23 Lambert,

671 4130 82 19 consul
773 4129 28 19 de
820 4128 122 23 Finlande,
961 4130 16 20 à
995 4128 129 23 Charleroi.

696 4153 68 20 Cette
781 4153 145 22 conférence,
942 4156 40 20 qui
998 4153 78 22 obtint
1090 4158 34 16 un
1139 4158 57 19 gToe

672 4177 90 24 succès,
781 4178 60 21 était
860 4177 91 21 donnée
977 4183 45 19 par
1047 4179 32 20 M.
1098 4178 98 20 Lefèvre

671 4203 96 23 Virgile,
788 4203 98 20 docteur
905 4208 30 15 en
955 4204 106 19 sciences
1082 4202 105 21 économi-

671 4232 59 19 ques
745 4229 26 19 et
786 4228 88 24 chargé
890 4228 29 20 de
935 4232 71 17 cours
1019 4232 49 16 aux
1083 4228 113 20 divisions

672 4252 200 24 d'enseignement
895 4252 149 20 commercial
1073 4252 124 24 supérieur

670 4281 18 17 a
703 4276 148 22 l'Université
867 4277 32 20 du
915 4278 96 20 Travail
1026 4278 60 20 Paul
1101 4279 88 19 Pastur

670 4358 119 25 actuelles,
812 4359 93 20 chacun
927 4359 48 20 soit
997 4359 96 24 pénétré
1117 4360 33 20 de
1170 4360 26 20 la

670 4382 115 21 nécessité
815 4385 96 18 absolue
942 4383 121 25 d'utiliser,
1090 4384 24 20 le
1143 4384 53 24 plus

671 4407 217 25 économiquement
909 4409 107 24 possible,
1040 4409 36 20 les
1097 4408 99 22 denrées

669 4433 73 20 mises
754 4433 18 20 à
786 4434 24 19 la
824 4433 139 24 disposition
980 4434 41 20 des
1036 4435 103 23 troupes.

694 4457 52 20 Une
768 4458 117 20 attentien
907 4458 151 25 particulière
1079 4463 55 16 sera
1156 4463 29 16 ac-

669 4481 84 22 cordée
775 4482 17 21 à
813 4482 147 20 l'utilisation
991 4483 130 24 judicieuse
1152 4484 43 20 des

669 4507 91 23 rations
780 4507 29 20 de
828 4507 64 25 pain.

695 4531 33 20 Le
747 4532 109 19 ministre
875 4532 103 24 rappelle
999 4532 133 25 également
1149 4537 46 20 que

669 4555 25 20 la
707 4556 110 24 question
832 4557 30 19 de
879 4557 24 19 la
918 4556 164 25 récupération
1098 4558 43 19 des
1157 4558 29 20 dé-

669 4581 69 20 chets
755 4580 31 21 de
804 4581 91 21 cuisine
913 4581 52 21 doit
984 4582 61 20 faire
1064 4582 82 24 l'objet
1165 4582 31 20 de

671 4605 53 21 tous
734 4606 37 19 les
778 4606 67 20 soins
857 4606 42 20 des
909 4607 180 20 commandants
1101 4606 94 22 d'unité.

1218 340 521 99 NECROLOGIE

1241 470 33 20 H.
1287 469 83 22 Alfred
1383 469 147 23 Huegaerts;
1545 468 55 19 Mlle
1615 467 127 23 Georgette

1214 495 144 24 Hueçaerts;
1378 494 31 20 M.
1425 495 25 18 et
1467 493 63 19 Mme
1546 493 109 23 Philippe
1671 492 71 19 Boot-

1214 521 144 24 Huegaerte;
1382 519 31 19 M.
1435 520 25 20 et
1482 518 62 19 Mme
1566 517 91 19 Gaston
1678 516 64 20 Hue-

1215 544 214 24 gaerts-Heunders
1451 544 24 20 et
1496 544 51 20 leur
1568 543 10 18 f
1580 541 37 21 lîle
1622 553 6 6 •
1651 543 33 19 les
1705 542 29 18 fa-

1214 571 76 19 milles
1304 570 142 23 Huegaerts,
1459 569 89 19 Daems
1561 571 26 17 et
1599 567 85 22 Huret,
1698 566 43 20 ont

1214 597 25 19 la
1266 595 99 20 douleur
1391 594 30 20 de
1449 598 59 15 vous
1535 593 62 19 faire
1624 594 56 21 part
1708 591 32 19 du

1213 619 71 22 décès
1305 620 29 20 de

1220 646 146 35 Madame
1378 644 107 35 Alfred
1500 641 224 37 HUEGAERTS

1269 694 45 19 née
1331 694 93 20 Jeanne
1440 693 46 19 DE
1504 691 177 22 GANSE"****.-*,***,

1211 724 106 15 survenu
1332 719 61 19 dans
1408 723 30 15 sa
1453 717 37 20 61*
1506 715 82 23 année,
1605 715 70 24 après
1692 720 46 14 une

1213 745 82 19 courte
1313 743 108 22 maladie,
1439 742 79 20 munie
1537 742 41 19 des
1595 745 97 15 secours
1710 740 29 19 de

1213 770 25 19 la
1251 769 115 23 Religion.

1238 793 176 20 L'inhumation
1433 799 17 14 a
1469 797 33 15 eu
1521 791 47 21 lieu
1589 791 61 19 dana
1669 790 60 19 l'inti-

1211 818 66 24 mité.

1235 846 33 21 Le
1283 845 95 23 présent
1392 844 52 20 a-rfs
1452 844 61 19 tient
1519 843 46 20 lieu
1572 843 30 20 de
1609 842 131 23 faire-part.

1238 867 121 20 Bruxelles
1375 867 20 23 3,
1411 867 21 19 le
1448 866 27 20 13
1489 866 93 23 janvier
1598 865 59 20 1940.

1237 893 97 19 Avenue
1351 891 41 19 des
1408 890 148 22 Hortensias,
1572 890 33 21 69.

1675 914 61 23 (901)

1238 969 39 22 On
1291 973 60 16 nous
1365 968 51 25 prie
1432 968 143 20 d'annoncer
1587 968 23 20 le
1626 966 68 20 décès
1709 965 29 20 de

1406 993 137 19 MADAME

1208 1030 134 55 Veuve
1360 1030 148 52 Charles
1525 1028 56 53 DE
1596 1016 144 65 CROÊS

1281 1102 45 22 née
1343 1102 134 20 Heranance
1494 1100 175 21 WALLRABE

1211 1127 101 20 déoédée
1335 1128 17 21 à
1375 1127 71 20 Mons
1469 1128 21 18 le
1514 1126 26 20 16
1563 1125 93 24 janvier
1679 1123 60 23 1940,

1210 1153 82 20 munie
1311 1152 42 24 des
1371 1156 97 16 secours
1487 1153 29 19 de
1535 1152 24 20 la
1577 1149 116 24 Religion.

1236 1180 46 19 Les
1306 1178 137 20 funérailles
1469 1178 87 19 auront
1582 1176 46 19 lieu
1655 1176 22 19 le
1703 1179 29 15 sa-

1215 1203 63 20 medi
1302 1203 27 20 20
1353 1202 99 23 janvier,
1482 1201 17 20 à
1523 1201 27 19 11
1580 1200 93 22 heures,
1704 1203 31 15 en

1212 1227 87 25 l'église
1320 1227 139 24 paroissiale
1479 1226 29 20 de
1528 1225 160 20 Notre-Dame
1710 1224 28 18 de

1212 1253 110 19 Messine.

1239 1277 109 21 Réunion
1371 1278 17 19 à
1410 1277 25 19 la
1457 1274 130 22 mortuaire
1610 1273 129 20 boulevard

1212 1302 159 22 Salnctelette,
1384 1308 22 15 n-
1419 1301 46 22 120,
1477 1301 16 20 à
1505 1300 75 22 Mons,
1591 1300 17 21 à
1619 1299 26 20 10
1657 1299 24 19 h.
1692 1298 46 22 1/2.

1235 1329 46 19 Les
1303 1329 60 18 amis
1383 1328 25 18 et
1429 1326 182 21 connaissances
1633 1326 40 22 qui
1695 1329 44 20 par

1212 1353 63 20 oubli
1294 1351 131 22 n'auraient
1443 1355 42 19 paa
1503 1354 55 19 reçu
1576 1350 28 19 de
1622 1350 69 19 lettre
1709 1349 29 18 de

1213 1378 125 22 faire-part
1355 1377 57 21 sont
1431 1375 63 24 priés
1513 1376 29 19 de
1562 1373 135 21 considérer
1717 1374 21 19 le

1213 1402 96 22 présent
1327 1402 51 18 avis
1397 1405 92 15 comme
1508 1404 30 16 en
1557 1400 85 19 tenant
1659 1399 53 19 lieu.

1677 1423 60 21 (897)

1239 1487 32 19 Le
1286 1486 132 21 lieutenant
1432 1484 96 25 général
1544 1484 106 22 MOZIN;
1669 1483 29 19 M.
1714 1483 26 19 et

1213 1512 110 19 Madame
1345 1509 262 22 WESMABL-MOZIN
1629 1511 26 18 et
1676 1509 63 19 leurs

1211 1538 105 22 enfants;
1338 1536 109 20 Madame
1466 1537 50 19 Vve
1535 1535 79 20 Julien
1634 1534 105 22 MOZIN,

1213 1564 43 19 ont
1274 1564 24 19 la
1316 1561 99 20 douleur
1432 1563 29 19 de
1480 1564 60 15 voua
1558 1559 60 19 faire
1638 1559 54 23 part
1711 1557 28 20 de

1213 1588 24 19 la
1254 1587 63 20 mort
1335 1587 28 20 de
1381 1586 51 19 leur
1450 1584 92 24 épouse,
1560 1583 70 24 mère,
1648 1582 81 25 grand'-

1214 1610 64 21 mère
1298 1611 26 20 et
1344 1611 118 19 belle-fille
1484 1608 123 25 regrettée.
1633 1619 4 5 •

1211 1647 180 57 Madame
1426 1645 118 53 Julien
1581 1643 158 54 MOZIN

1310 1711 44 22 née
1372 1711 72 20 Lucie
1463 1712 23 18 M
1489 1710 154 21 .-MUSSIONS,

1215 1737 99 22 décédée
1332 1738 21 19 le
1369 1737 26 20 13
1410 1736 93 23 janvier
1518 1736 59 21 1940.

1240 1762 186 20 L'enterrement
1438 1766 16 14 a
1466 1765 30 16 eu
1509 1761 48 21 lieu
1569 1761 21 19 le
1603 1760 26 19 16
1641 1758 98 24 janvier.

1240 1786 87 22 Fléron
1343 1786 92 24 (Liège)
1678 1784 60 21 (900)

1240 1849 38 20 On
1292 1854 60 14 nous
1366 1849 51 24 prie
1431 1849 145 20 d'annoncer
1588 1847 22 19 le
1625 1845 69 21 décès
1709 1846 32 19 du

1414 1873 141 23 MARQUIS

1262 1907 169 57 Imperiali
1464 1908 63 44 des
1561 1906 139 45 Princes

1334 1977 43 46 de
1411 1975 209 47 Prancavilla

1269 2044 170 23 Bouxgroestee
1462 2043 31 20 de
1517 2041 170 21 Soheit-Tinlot

1267 2069 91 19 Ancien
1372 2068 105 20 membre
1491 2068 30 21 de
1534 2068 24 19 la
1572 2066 118 20 Chambre

1345 2093 44 21 des
1412 2091 197 25 Représentants,

1365 2117 92 20 Ancien
1475 2116 116 21 Sénateur

1266 2143 108 21 Membre
1395 2143 33 19 du
1447 2142 95 20 Conseil
1563 2140 127 25 Supérieur

1308 2168 42 20 des
1366 2169 100 18 œuvres
1481 2167 29 20 de
1525 2167 123 19 l'Enfance

1322 2193 106 19 Membre
1443 2192 33 20 da
1490 2192 60 21 tiers
1564 2192 70 19 ordre

1315 2218 31 19 de
1367 2217 150 23 St-Françols
1539 2216 104 20 d'Assise

1266 2243 102 20 Officier
1385 2243 30 19 de
1431 2242 92 22 l'Ordre
1540 2243 30 19 de
1587 2240 103 25 Léopold

1294 2268 70 20 Croix
1377 2267 97 24 Civique
1486 2268 30 20 de
1530 2268 39 19 lre
1582 2266 82 20 Classe

1295 2293 82 21 Grand
1401 2292 93 21 Cordon
1518 2292 30 19 de
1571 2291 92 20 l'Ordre

1285 2317 182 20 Constantinien
1484 2318 29 19 de
1532 2316 140 24 St-Georges

1215 2343 173 20 Commandeur
1402 2344 30 18 de
1445 2342 90 21 l'Ordre
1550 2342 28 19 de
1593 2340 148 24 St-Grégolre

1215 2368 174 22 Commandeur
1406 2368 42 18 des
1465 2367 90 19 Ordres
1572 2366 29 20 de
1618 2366 124 23 François-

1255 2393 97 23 Joseph,
1375 2393 33 20 du
1433 2392 58 21 Lion
1514 2392 31 20 de
1567 2391 138 24 Zeeringen,

1292 2417 31 20 de
1341 2419 25 19 la
1384 2418 124 19 Couronne
1527 2418 32 19 du
1578 2416 86 23 Chêne,

1313 2445 30 20 de
1362 2442 102 23 Léopold
1483 2442 30 19 de
1531 2442 113 21 Toscane,

1241 2468 102 20 Officier
1353 2468 30 19 de
1394 2467 91 22 l'Ordre
1495 2467 222 23 d'Orange->assaa

1209 2494 30 20 né
1253 2494 15 20 à
1282 2494 87 20 Hamal
1383 2494 22 20 le
1418 2493 26 20 17
1458 2493 48 20 mal
1520 2493 58 22 1874,
1592 2491 147 25 pieusement

1217 2517 85 21 décédé
1325 2519 16 20 à
1364 2516 169 21 Soheit-Tinlot
1555 2517 22 19 le
1600 2516 26 19 16
1649 2515 94 25 janvier

1215 2544 59 23 1940,
1293 2543 66 19 muni
1379 2543 41 19 des
1440 2542 150 20 Sacrements
1610 2542 29 18 de
1658 2541 84 19 Notre-

1214 2569 64 20 Mère
1298 2569 25 19 la
1342 2568 170 23 Sainte-Eglise
1532 2569 25 18 et
1576 2567 30 20 de
1624 2567 25 19 la
1668 2566 65 20 Béné-

1216 2593 89 19 diction
1347 2592 153 23 Apostolique
1544 2597 13 13 «
1570 2592 29 18 In
1641 2591 100 20 articolo

1214 2618 84 19 mortis
1305 2623 19 14 ».

1242 2643 174 19 L'inhumation
1437 2643 59 18 dans
1518 2642 21 21 le
1559 2646 90 15 caveau
1669 2642 29 19 de
1717 2641 25 19 la

1215 2668 91 19 famille
1323 2674 16 14 a
1355 2672 31 15 eu
1404 2668 48 19 lieu
1470 2668 60 19 dans
1547 2665 124 21 l'intimité.

1240 2693 38 19 Un
1294 2693 88 20 service
1397 2692 106 20 solennel
1518 2696 59 19 pour
1592 2693 21 18 le
1628 2696 68 18 repos
1712 2690 29 20 de

1214 2723 45 16 son
1282 2717 53 20 âme
1356 2722 57 15 sera
1435 2716 90 22 célébré
1548 2722 30 15 en
1602 2716 86 24 l'église
1712 2716 28 19 de

1216 2743 169 21 Soheit-Tinlot
1405 2743 21 19 le
1447 2742 91 19 samedi
1560 2742 26 19 20
1606 2742 99 22 janvier,
1725 2741 17 20 à

1216 2768 25 20 11
1261 2768 92 20 heures.

1241 2793 21 20 Il
1282 2793 40 20 n'a
1342 2798 42 19 pas
1406 2791 36 21 été
1463 2793 89 22 envoyé
1573 2792 28 19 de
1622 2790 70 21 lettre
1712 2791 29 20 de

1217 2817 130 24 faire-part,
1375 2818 21 19 le
1418 2816 96 24 présent
1535 2817 52 19 avis
1608 2821 29 15 en
1657 2817 85 18 tenant

1216 2844 53 19 lieu.

1242 2868 70 21 Selon
1329 2869 24 19 la
1369 2867 92 20 volonté
1479 2867 106 21 formelle
1603 2866 31 20 du
1651 2865 91 23 défunt,

1216 2894 24 19 la
1256 2893 54 20 note
1325 2892 110 20 suivante
1453 2893 49 20 doit
1518 2891 49 21 être
1584 2890 100 21 insérée:

1240 2924 12 13 «
1267 2919 29 19 Je
1311 2918 114 20 demande
1441 2918 15 20 à
1471 2922 50 15 mes
1536 2918 60 18 amis
1612 2918 24 18 et
1652 2917 15 20 à
1683 2922 59 14 ceux

1215 2943 40 23 qui
1274 2943 74 19 m'ont
1366 2947 79 15 connu
1464 2942 27 19 de
1510 2946 30 15 ne
1560 2946 42 19 pas
1620 2946 27 14 se
1666 2941 75 19 croire

1216 2967 88 24 obligés
1324 2968 27 19 de
1370 2967 61 20 faire
1451 2973 32 15 un
1501 2965 163 25 déplacement
1682 2970 60 19 pour

1215 2993 99 19 assister
1324 2993 16 20 à
1350 2996 51 15 mes
1412 2991 144 22 funérailles,
1567 2991 61 20 mais
1640 2991 28 20 de
1680 2990 61 22 faire

1216 3018 50 19 dire
1283 3022 46 15 une
1347 3022 77 16 messe
1442 3018 16 19 à
1474 3020 51 16 mes
1543 3016 129 20 intentions
1680 3022 18 14 s.

1538 3067 8 2 _
1655 3043 60 20 (898)

1242 3098 121 19 Monsieur
1383 3099 25 19 et
1429 3097 109 20 Madame
1558 3096 83 21 Victor
1660 3096 83 20 Heire-

1215 3123 193 19 mans-Leemans
1420 3126 25 18 et
1456 3124 51 19 leur
1518 3122 49 21 fille
1580 3121 160 23 Marier-Claire

1216 3152 59 18 nous
1288 3148 78 22 prient
1377 3147 144 21 d'annoncer
1533 3148 21 19 le
1567 3146 69 22 décès
1649 3147 28 19 de
1690 3147 52 19 leur

1216 3173 60 23 petit

1270 3204 421 63 JEAN-PIERRE

1215 3298 105 16 survenu
1338 3294 17 21 à
1372 3294 122 20 Bruxelles
1513 3293 32 23 n,
1563 3294 22 19 le
1604 3294 26 18 17
1649 3293 93 23 janvier

1217 3319 53 20 1940
1284 3319 59 19 dans
1356 3324 30 16 sa
1399 3319 23 18 3*
1435 3317 83 21 année.

1242 3344 35 18 La
1296 3348 76 15 messe
1392 3343 95 24 d'anges
1505 3342 76 21 suivie
1606 3343 29 19 de
1661 3343 73 19 l'Inhu-

1216 3369 91 19 mation
1329 3374 31 15 au
1381 3368 119 21 cimetière
1521 3369 29 19 de
1571 3368 95 21 Laeken
1687 3373 55 14 sera

1216 3393 105 20 célébrée
1341 3398 31 17 en
1393 3393 87 24 l'église
1501 3393 137 24 paroissiale
1658 3393 85 20 Notre-

1216 3420 76 20 Dame
1305 3419 29 20 de
1348 3418 110 23 Lourdes,
1472 3421 21 20 le
1506 3418 91 20 samedi
1610 3419 27 19 20
1649 3418 93 24 janvier

1216 3444 59 23 1940,
1293 3445 17 20 à
1327 3444 27 20 10
1372 3444 92 19 heures.

1244 3468 109 22 Réunion
1376 3469 16 20 à
1416 3470 23 19 la
1461 3468 94 20 maison
1577 3468 130 20 mortuaire
1734 3473 6 15 :

1217 3494 46 22 108,
1276 3498 91 17 avenue
1381 3494 107 19 Prudent
1501 3493 63 23 Bols,
1578 3492 16 21 à
1606 3494 14 19 9
1634 3494 24 21 h.
1671 3493 45 22 1/2.

1244 3519 45 22 Les
1308 3519 62 20 amis
1391 3520 25 18 et
1436 3519 181 20 connaissances
1638 3521 40 21 qui
1699 3523 44 19 par

1217 3544 63 22 oubli
1297 3544 133 21 n'auraient
1446 3549 44 20 pas
1507 3548 56 19 reçu
1580 3544 29 19 de
1626 3544 70 20 lettre
1713 3543 28 20 de

1217 3569 61 21 faire
1294 3569 61 24 part,
1372 3572 55 18 sont
1444 3567 62 25 priés
1524 3569 28 19 de
1569 3567 135 21 considérer
1721 3567 23 22 le

1216 3593 97 24 présent
1328 3594 53 19 avis
1395 3598 90 16 comme
1501 3598 31 16 en
1547 3594 85 22 tenant
1646 3595 52 20 lieu.

1680 3618 60 22 (899)

1241 3694 37 21 On
1294 3699 60 16 nous
1369 3694 51 23 prie
1435 3695 143 20 d'annoncer
1592 3695 23 20 le
1630 3693 69 23 décès
1714 3694 30 20 de

1351 3725 137 20 MADAME
1506 3726 107 20 VEUVE

1214 3756 81 67 J.-B.
1304 3756 441 69 TIBAUT-DES1MPEUE9E

1216 3845 104 15 survenu
1335 3839 16 21 à
1366 3840 122 19 Bruxelles
1503 3840 21 19 le
1540 3840 27 19 18
1580 3833 94 30 janvier
1688 3839 58 23 1940,

1216 3864 17 20 à
1244 3863 59 25 l'âge
1312 3865 31 19 de
1354 3864 26 19 82
1391 3869 51 17 ans,
1452 3865 80 20 munie
1544 3865 41 19 des
1597 3864 149 20 Sacrements

1216 3889 30 20 de
1263 3887 148 22 Notre-Mère
1429 3889 24 19 la
1470 3888 177 23 Sainte-Eglise.

1243 3913 34 20 Le
1297 3913 90 19 service
1406 3912 106 23 funèbre,
1532 3912 62 21 suivi
1614 3913 30 19 de
1664 3913 74 20 l'Inhu-

1218 3937 91 20 mation
1322 3937 61 20 dans
1396 3937 22 20 le
1431 3942 89 15 caveau
1533 3937 29 20 de
1575 3938 25 18 la
1612 3937 90 21 famille
1716 3942 31 14 au

1219 3960 120 21 cimetière
1353 3962 29 19 de
1396 3960 135 24 LAEKEN,
1545 3966 55 15 sera
1612 3961 91 20 célébré
1719 3966 29 15 en

1219 3985 88 23 l'église
1327 3986 30 19 de
1378 3986 31 19 Sa
1411 3986 43 19 int-
1454 3985 178 23 Jean-Baptiste
1652 3991 31 14 au
1705 3985 33 21 Bé-

1220 4010 107 23 guinage,
1344 4010 23 19 le
1384 4010 90 20 samedi
1490 4010 27 19 20
1533 4009 100 23 janvier,
1650 4010 14 19 â
1682 4010 25 18 Jl
1725 4010 21 18 h.

1244 4040 143 20 REUNION
1412 4041 22 19 A
1458 4041 41 19 LA
1525 4040 119 20 MAISON
1668 4040 72 20 MOR-

1219 4063 125 24 TUAIRE.
1366 4065 33 23 17,
1420 4065 67 19 RUE
1508 4065 44 19 DE
1574 4064 136 24 LAEKEN,
1732 4064 17 21 à

1219 4089 26 19 10
1255 4089 86 19 heures
1352 4089 33 20 30.

1246 4119 32 21 Ni
1294 4121 81 21 fleurs,
1391 4120 26 20 ni
1434 4125 137 15 couronnes.

1245 4144 46 21 Les
1310 4144 62 20 amis
1392 4145 25 19 et
1437 4144 181 20 connaissances
1638 4145 47 22 qui,
1704 4149 45 17 par

1219 4169 69 21 oubli,
1304 4169 133 19 n'auraient
1453 4173 44 18 pas
1513 4173 56 18 reçu
1586 4170 29 19 de
1632 4169 70 20 lettre
1719 4170 29 19 de

1219 4192 130 23 faire-part,
1368 4193 56 19 sont
1443 4192 63 23 priés
1524 4193 30 19 de
1573 4192 135 22 considérer
1726 4193 22 20 le

1220 4216 95 22 présent
1331 4217 52 19 avis
1400 4222 91 15 comme
1508 4222 29 15 en
1553 4218 85 19 tenant
1653 4217 53 21 lieu.

1688 4242 59 21 (155)

1244 4320 22 19 A
1282 4319 211 21 KEELDRECHT.
1508 4329 29 7 —
1553 4320 65 21 UNE
1634 4320 114 20 FEMME

1220 4343 112 21 MEURT
1348 4344 45 20 DE
1410 4344 106 20 FROID.
1531 4354 29 6 —
1576 4345 78 21 .Mardi
1671 4344 80 24 après-

1218 4368 64 23 midi,
1298 4369 64 20 Mme
1376 4369 109 21 Caroline
1499 4369 81 23 Weyn,
1595 4369 86 23 épouse
1695 4370 52 20 Van

1219 4393 157 23 Landeghem,
1396 4393 111 21 habitant
1526 4398 42 18 rue
1587 4394 30 20 de
1637 4394 25 20 la
1680 4394 59 19 Com-

1220 4422 72 15 mune
1314 4416 17 21 à
1354 4418 143 21 Kieldrecht,
1521 4417 60 22 était
1603 4417 61 21 allée
1687 4418 61 20 faire

1220 4446 47 15 une
1284 4446 83 15 course
1384 4442 58 19 chez
1458 4443 43 20 des
1517 4442 95 20 voisina
1629 4442 38 20 En
1685 4447 56 15 reve-

1220 4466 60 19 nant
1305 4465 43 21 elle
1371 4465 115 21 s'écroula
1510 4471 31 15 au
1566 4466 80 20 milieu
1670 4467 30 20 de
1723 4467 25 19 la

1220 4489 119 21 chaussée.
1359 4490 49 20 Des
1426 4489 102 21 témoins
1545 4495 28 16 se
1592 4489 122 24 portèrent
1733 4490 14 20 à

1220 4518 43 16 son
1282 4518 96 16 secours
1396 4515 26 19 et
1441 4515 24 19 la
1483 4514 190 23 transportèrent
1691 4515 57 19 chez

1217 4538 52 20 elle.
1287 4537 39 22 Un
1345 4537 105 20 médecin
1469 4537 86 21 mandé
1573 4538 126 23 d'urgence
1717 4544 30 15 ne

1219 4563 43 21 put
1281 4566 46 19 que
1346 4563 121 19 constater
1485 4563 22 19 le
1526 4561 69 21 décès
1614 4562 33 20 dû
1666 4563 16 20 à
1700 4568 47 16 une

1218 4586 137 22 congestion
1373 4585 132 23 provoquée
1523 4591 45 18 par
1585 4587 23 21 le
1625 4587 70 20 froid.
1712 4587 36 20 La

1222 4610 164 20 malheureuse
1399 4610 59 21 était
1470 4609 59 24 âgée
1541 4611 30 20 de
1584 4611 26 24 4Q
1621 4616 52 16 ans.

1763 224 13 14 c
1781 219 121 19 NATION
1912 218 104 21 BELGE
2023 224 19 18 >,
2053 219 26 20 19
2089 218 137 20 JANVIER
2236 218 53 20 1«0
2294 217 10 13 ■

1867 297 75 63 Les
1962 297 223 76 problèmes

1764 387 272 74 économiques
2071 387 44 61 de
2150 399 138 61 guerre

1846 489 100 61 pour
1966 477 40 61 la
2034 475 180 74 Belgique

1787 596 31 20 M.
1839 597 83 20 Pierre
1942 596 36 21 De
2000 597 72 22 Smet,
2093 596 142 23 rapporteur
2255 595 32 19 du

1760 622 89 23 budget
1863 622 42 19 des
1919 621 106 20 Affaires
2039 621 177 22 Economiques,
2231 620 46 19 s'oc-

1762 653 60 18 cupe
1835 649 60 18 dans
1908 653 45 15 son
1965 648 97 22 rapport
2071 648 41 18 des
2119 646 115 20 solutions
2240 649 62 16 sou-'

1760 671 117 19 haitabies
1898 675 48 15 aux
1967 675 131 19 prooi-mes
2120 673 165 20 économiques

1761 696 28 20 de
1808 699 85 20 guerre
1911 700 60 19 pour
1988 696 24 19 la
2029 695 119 23 Belgique.

1787 720 36 19 En
1835 721 102 23 premier
1949 721 53 21 lieu,
2015 721 16 18 il
2044 719 133 21 s'intéresse
2190 723 31 14 au
2234 723 51 18 pro-

1760 745 74 20 blême
1847 745 163 20 charbonnier.
2021 746 58 18 Lors
2090 745 29 21 de
2130 744 24 19 la
2165 742 119 20 rédaction

1760 771 28 19 de
1799 775 45 15 son
1855 770 104 23 rapport,
1970 770 21 19 le
2002 769 186 24 gouvernement
2197 768 87 19 n'avait

1761 800 43 18 pas
1827 799 84 15 encore
1935 794 78 24 publie
2035 795 22 20 le
2081 794 56 23 plan
2159 798 45 18 que
2226 797 61 15 nous

1760 824 74 16 avons
1848 819 123 24 reproduit
1983 821 24 19 et
2020 819 47 23 qui,
2082 818 89 20 soumis
2185 823 48 13 aux
2246 823 31 18 pa-

1760 846 67 18 trons
1843 845 25 19 et
1882 849 47 14 aux
1944 843 109 25 délégués
2068 843 112 22 ouvriers,
2195 843 39 18 n'a
2248 841 37 21 été

1760 868 96 25 accepté
1877 874 45 18 que
1942 874 44 18 par
2006 869 34 19 les
2060 868 115 24 premiers
2195 869 24 18 et
2238 872 48 14 non

1760 899 43 18 par
1816 895 35 18 les
1865 894 105 21 seconds,
1984 898 30 15 en
2028 894 79 19 raison
2119 893 31 19 du
2164 891 120 21 caractère

1760 920 141 22 permanant
1919 919 29 19 d-R
1966 919 25 18 la
2009 918 101 20 solution
2130 916 113 25 proposée
2262 918 23 19 «t

1760 944 40 23 qui
1820 944 93 19 aboutit
1930 942 16 20 à
1964 948 47 15 une
2030 942 165 25 prolongation
2214 941 29 20 de
2262 941 23 20 la

1760 967 72 22 durée
1848 969 32 18 du
1895 968 94 20 travail.

1785 993 123 19 Certaines
1921 992 163 20 observations
2099 992 32 18 du
2144 992 141 22 rapporteur

1761 1018 79 20 valent
1855 1018 109 22 toujours
1979 1017 139 24 cependant.
2134 1016 21 20 Il
2171 1015 60 20 écrit
2246 1020 38 14 no»

1759 1043 117 19 tamment
1885 1047 6 14 :

1783 1073 13 12 c
1813 1067 35 19 La
1863 1065 131 26 prospérité
2012 1066 41 19 des
2071 1065 128 20 industries
2216 1065 66 19 char-

1758 1091 124 21 bonnières
1896 1092 78 23 belges
1988 1091 117 19 constitue
2118 1094 32 15 un
2164 1089 119 24 problème

1758 1115 92 21 délicat.
1864 1117 45 19 Les
1924 1115 130 21 difficultés
2068 1114 138 24 techniques
2220 1114 54 19 inhé-

1760 1142 80 19 rentes
1865 1140 17 20 à
1907 1140 169 24 l'exploitation
2102 1139 53 22 sont
2183 1139 102 24 grandes

1760 1166 59 19 dans
1840 1166 35 19 les
1896 1166 69 18 vieux
1987 1165 99 21 bassins,
2108 1164 53 24 plus
2183 1164 101 23 grandes

1758 1195 45 19 que
1816 1191 61 18 dans
1889 1190 34 19 les
1937 1190 125 19 houillères
2075 1191 167 18 concurrentes
2255 1189 28 20 de

1759 1215 132 24 l'étranger.
1911 1215 121 19 Personne
2052 1213 38 24 n'y
2111 1215 56 22 peut
2186 1214 58 21 rien,
2264 1213 19 20 si

1759 1245 27 15 ce
1808 1240 59 20 n'est
1888 1240 22 20 le
1931 1239 93 23 caprice
2045 1239 29 20 de
2095 1239 25 19 la
2140 1238 92 19 nature.
2253 1237 31 19 Ce

1760 1266 61 18 n'est
1838 1264 134 24 cependant
1991 1269 42 18 pas
2053 1268 45 14 une
2119 1262 77 20 raison
2217 1263 59 19 suffi

1760 1290 68 20 santé
1843 1294 60 19 pour
1917 1289 153 19 abandonner
2084 1288 23 19 la
2122 1288 103 19 richesse
2240 1291 45 20 que

1760 1319 43 15 nos
1819 1315 88 18 vieilles
1922 1314 77 19 mines
2015 1312 108 21 recèlent.
2139 1312 46 20 Car
2200 1312 17 19 il
2232 1312 53 19 faut

1761 1340 21 19 le
1797 1331 99 32 répfetçr,
1912 1339 21 19 le
1948 1339 105 18 charbon
2067 1339 36 19 est
2118 1338 15 18 à
2148 1338 23 18 la
2185 1337 55 19 base
2254 1337 31 18 du

1761 1364 113 19 maintien
1890 1364 28 19 de
1933 1363 68 19 notre
2014 1362 176 24 indépendance
2205 1362 71 18 écono

1759 1389 86 23 mique,
1858 1390 24 19 et
1896 1388 75 20 même
1985 1388 29 19 de
2027 1388 68 18 notre
2108 1386 177 24 indépendance

1760 1415 53 18 tout
1830 1414 85 18 court:
1933 1413 35 20 les
1984 1411 150 20 événements
2152 1411 90 20 actuels
2259 1415 34 16 se.

1759 1438 115 23 chargent
1891 1438 29 20 de
1937 1438 22 19 le
1976 1436 135 20 démontrer
2128 1440 58 16 avec
2203 1435 74 19 clarté

1786 1468 13 13 »
1812 1462 151 20 Nonobstant
1976 1462 34 20 les
2023 1460 65 21 aléas
2102 1460 182 24 d'exploitation,

1761 1487 24 20 la
1803 1486 131 25 prospérité
1955 1487 73 23 exige,
2047 1491 31 14 en
2097 1487 73 20 outre,
2190 1485 87 19 l'obten-

1760 1513 51 19 tion
1826 1512 28 20 de
1871 1512 52 23 prix
1937 1511 28 20 de
1981 1512 91 19 revient
2087 1509 199 21 rémunérateurs.

1761 1537 31 20 Le
1809 1537 104 19 charbon
1929 1536 66 23 belge
2010 1536 50 20 doit
2075 1535 50 20 être
2139 1534 16 20 à
2171 1535 53 19 tout
2238 1539 39 14 mo-

1760 1562 65 19 ment
1841 1561 120 22 vendable,
1978 1565 57 15 avec
2050 1560 80 24 profit,
2146 1559 16 20 â
2177 1560 41 18 des
2234 1559 52 24 prix

1761 1586 125 21 inférieurs
1899 1591 48 14 aux
1958 1585 119 20 charbons
2088 1585 93 23 anglais
2194 1584 26 20 et.
2231 1583 47 20 alle-

1761 1611 90 21 mands,

1786 1641 11 13 »
1812 1635 45 23 Qui
1873 1635 129 23 n'aperçoit
2016 1639 45 19 que
2076 1639 40 16 ces
2132 1633 61 20 deux
2207 1633 69 19 condi-

1763 1661 62 19 tions
1848 1659 134 25 requièrent
2003 1660 29 21 de
2053 1660 60 22 tous,
2134 1658 107 20 ouvriers
2263 1658 25 20 et

1761 1686 104 23 patrons,
1878 1685 41 19 des
1931 1684 123 20 sacrifices
2066 1688 32 15 au
2110 1683 74 25 profit
2196 1684 28 19 de
2237 1683 40 19 l'in-

1762 1709 62 20 térêt
1844 1709 96 25 gênerai
1949 1709 13 19 ?
1982 1709 46 19 Les
2047 1713 45 14 uns
2112 1714 30 14 en
2161 1707 126 24 acceptant

1762 1735 28 19 de
1805 1739 30 15 ne
1852 1739 43 20 pas
1910 1740 25 14 se
1950 1735 97 19 trouver
2058 1732 200 21 nécessairement
2272 1732 14 19 à

1761 1759 170 23 l'avant-garde
1946 1759 32 19 du
1992 1757 98 25 progrès
2105 1758 72 19 social
2192 1762 30 15 en
2237 1761 40 15 ma-

1762 1783 59 21 tière
1841 1784 29 19 de
1890 1782 72 21 durée
1982 1784 28 20 de
2030 1782 92 20 travail.
2141 1782 46 20 Les
2206 1783 81 18 autres

1762 1813 28 16 en
1811 1809 105 19 limitant
1933 1809 64 20 leurs
2014 1807 86 25 profits
2119 1807 59 21 dans
2197 1807 24 19 la
2240 1811 38 15 me-

1762 1839 54 15 sure
1832 1834 92 23 requise
1940 1838 45 18 par
1998 1834 24 19 la
2037 1836 157 16 concurrence
2209 1831 69 20 étran-

1761 1858 55 24 gère
1834 1860 24 18 et
1874 1858 65 19 aussi
1956 1858 60 19 dans
2033 1857 57 20 celle
2106 1855 81 25 exigée
2203 1861 44 19 par
2263 1857 24 18 la

1762 1884 36 19 vie
1819 1884 42 19 des
1881 1882 81 20 autres
1982 1882 127 19 industries
2128 1881 85 23 belges,
2232 1885 45 15 con-

1763 1908 165 19 sommatrices
1945 1908 29 19 de
1990 1907 111 19 charbon.
2108 1911 12 13 »

1788 1933 32 19 St
1835 1937 84 15 encore
1928 1946 6 5 .

1788 1970 12 11 «
1816 1964 20 19 Il
1854 1964 53 19 faut
1923 1964 55 18 bien
1993 1967 88 15 avouer
2096 1967 46 19 que
2158 1962 24 19 la
2199 1962 87 19 hausse

1763 1989 100 20 actuelle
1886 1989 41 19 des
1950 1987 123 22 charbons,
2096 1991 29 15 en
2148 1987 140 19 établissant

1763 2019 45 15 une
1827 2012 113 24 disparité
1958 2012 130 20 croissante
2106 2016 32 15 au
2155 2012 74 23 profit
2246 2011 41 19 des

1763 2038 107 24 produits
1890 2037 99 24 anglais,
2010 2037 116 19 constitue
2149 2041 32 15 un
2201 2035 78 25 phéno-

1762 2062 68 21 mène
1853 2061 181 25 profondément
2055 2062 142 22 dangereux.
2220 2060 66 20 Cette

1762 2088 86 19 hausse
1867 2092 29 15 ne
1914 2087 103 21 va-t-elle
2033 2091 44 19 pas
2095 2085 191 20 Inévitablement

1763 2111 78 21 élever
1852 2112 22 19 le
1887 2110 57 21 coût
1956 2112 28 19 de
1997 2112 24 18 la
2033 2111 44 22 vie,
2090 2109 73 25 gêner
2176 2109 111 20 l'activité

1763 2137 41 20 des
1816 2137 86 24 petites
1916 2136 134 22 industries,
2063 2135 93 20 réduire
2169 2136 24 19 la
2204 2140 82 18 marge

1762 2161 152 20 bénéficiaire
1925 2160 16 20 à
1951 2161 164 24 l'exportation
2127 2161 42 19 des
2180 2159 108 24 produits

1765 2187 27 19 de
1811 2191 43 15 nos
1871 2186 179 19 manufactures
2059 2185 13 19 ?
2090 2185 33 21 Le
2140 2184 103 24 système
2260 2184 29 20 de

1764 2211 88 20 facilité
1874 2211 40 24 qui
1935 2211 102 19 consiste
2058 2209 16 20 à
2095 2214 138 19 compenser
2253 2209 35 19 7es

1763 2236 191 23 augmentations
1968 2236 28 19 de
2009 2235 98 19 salaires
2121 2239 43 19 par
2177 2235 41 19 des
2231 2233 47 20 relè-

1763 2261 107 19 vements
1890 2261 29 20 de
1940 2260 77 22 tarifs,
2035 2264 58 15 sans
2113 2258 174 21 considération

1764 2290 59 18 pour
1837 2285 22 19 le
1874 2285 190 19 consommateur
2078 2284 73 23 belge,
2165 2286 37 18 est
2215 2283 65 20 mani-

1764 2311 128 19 festement
1908 2309 145 20 intolérable.
2070 2314 13 14 >

1788 2340 13 13 €
1818 2335 57 19 „.En
1892 2339 27 15 ce
1935 2335 112 21 moment,
2063 2334 69 20 notre
2148 2333 139 29 production

1763 2359 169 19 charbonnière
1945 2359 92 20 devrait
2051 2358 49 20 être
2115 2358 21 20 si
2149 2357 79 21 élevée
2241 2362 46 19 que

1763 2389 59 14 nous
1841 2384 118 23 puissions
1978 2384 124 23 envisager
2119 2388 58 15 avec
2193 2383 25 19 la
2235 2383 53 23 plus

1762 2408 104 20 extrême
1885 2408 111 24 placidité
2016 2408 35 20 les
2070 2412 110 15 menaces
2200 2407 87 20 d'arrêt

1764 2436 42 18 des
1824 2433 166 24 importations
2007 2433 29 20 do
2053 2432 59 23 coke
2129 2438 31 14 ou
2176 2432 29 20 de
2222 2433 59 18 char-

1763 2459 46 19 bon
1822 2459 58 19 dont
1894 2463 59 14 nous
1965 2462 97 17 menace
2076 2457 132 24 l'étranger.
2221 2457 66 19 Nous

1762 2488 102 15 sommes
1881 2483 48 19 loin
1947 2483 29 19 de
1992 2482 99 25 pouvoir
2107 2482 100 24 prendre
2223 2483 63 19 cette

1763 2507 59 22 fière
1839 2507 109 22 attitude.

1788 2545 12 13 »
1818 2539 62 21 Mais
1896 2539 23 21 le
1936 2539 185 23 gouvernement,
2134 2543 17 15 a
2166 2538 22 20 le
2206 2538 80 20 devoir

1762 2564 118 20 d'exercer
1900 2569 47 15 une
1968 2564 78 19 action
2067 2563 157 20 modératrice
2246 2568 42 15 sur

1762 2590 24 18 la
1798 2589 88 20 hausse
1900 2589 42 19 des
1955 2588 54 24 prix
2022 2588 42 20 des
2078 2588 117 20 charbons
2208 2587 16 21 à
2236 2588 40 19 l'in-

1763 2614 89 20 térieur
1867 2613 32 20 du
1914 2618 65 19 pays.
1994 2613 21 19 11
2028 2617 29 16 ne
2073 2614 57 23 peut
2144 2611 87 21 tolérer
2246 2612 42 19 des

1763 2639 99 20 hausses
1878 2639 68 23 qu'en
1961 2642 16 19 y
1992 2638 128 23 apportant
2135 2642 21 17 je
2172 2638 107 19 discerne-

1762 2665 66 18 ment
1845 2662 66 24 exigé
1929 2668 44 18 par
1991 2663 23 20 le
2029 2662 116 20 maintien
2163 2662 69 20 d'une
2249 2667 28 14 ac-

1763 2687 66 21 tivité
1860 2687 184 21 rémunératrice
2073 2692 30 16 en
2132 2688 86 19 faveur
2244 2687 43 19 des

1763 2713 88 19 classes
1879 2716 127 20 moyennes
2035 2713 25 20 et
2089 2712 42 20 des
2159 2711 129 20 industries

1763 2737 224 22 transformatrices.
2002 2743 13 12 >

1788 2769 32 21 Le
1843 2768 141 26 rapporteur
2004 2768 107 21 constate
2131 2773 52 19 que,
2204 2768 83 23 depuis

1763 2794 20 19 le
1799 2795 61 18 mois
1877 2787 80 26 d'août
1972 2793 22 20 le
2011 2792 186 24 gouvernement,
2212 2792 74 24 prend

1763 2818 15 20 à
1791 2823 28 15 sa
1830 2819 94 23 charge,
1935 2817 105 21 2.600.000
2052 2818 30 19 fr.
2094 2823 45 18 par
2150 2818 67 21 mois,
2229 2821 59 20 pour

1763 2844 59 20 frais
1837 2844 28 20 de
1879 2843 115 19 maintien
2007 2843 42 20 des
2062 2843 160 19 installations
2235 2847 42 16 sou-

1763 2868 116 19 terraines
1910 2868 42 20 des
1979 2868 64 23 puits
2073 2866 153 20 abandonnés
2256 2867 32 21 du

1763 2892 74 21 Flénu
1852 2893 26 21 et
1892 2893 17 19 il
1924 2898 26 15 se
1966 2892 130 20 demande:

1790 2923 13 14 <
1820 2918 32 21 Le
1870 2918 185 23 gouvernement
2072 2916 95 24 accepte
2169 2916 36 20 rai
2206 2915 36 21 t-il
2260 2916 28 19 de

1764 2945 21 21 1*;
1808 2943 61 24 faije
1892 2942 65 20 aussi
1980 2942 133 24 longtemps
2134 2941 56 24 qu'il
2212 2941 77 24 plaira

1763 2972 48 15 aux
1828 2966 126 21 intéressés
1971 2967 28 20 de
2016 2966 101 21 r.iéditer
2133 2972 41 14 sur
2190 2966 35 20 les
2240 2970 39 15 me-

1765 2996 68 16 sures
1854 2992 15 20 à
1891 2992 100 24 prendre
2002 2991 12 19 ?
2036 2992 33 20 Le
2092 2992 134 20 versement
2248 2991 42 19 des

1764 3022 103 15 sommes
1888 3022 30 15 en
1940 3017 108 24 question
2069 3021 45 19 par
2134 3016 73 20 l'Etat
2228 3016 60 19 n'est

1764 3042 130 23 Justifiable
1916 3047 45 19 que
1983 3042 20 19 si
2024 3042 22 19 le
2067 3042 185 24 gouvernement
2273 3046 16 14 a

1764 3067 87 19 obtenu
1869 3067 172 23 l'engagement
2060 3067 84 20 formel
2164 3066 28 21 de
2211 3066 24 19 la
2254 3071 25 14 re-

1764 3092 62 23 prise
1844 3092 28 19 de
1890 3091 167 25 l'exploitation
2075 3092 59 19 dans
2151 3092 22 19 le
2190 3090 62 20 délai
2266 3091 22 19 le

1765 3117 52 21 plus
1844 3117 68 19 court
1937 3115 67 25 exigé
2029 3120 45 20 par
2100 3116 35 19 les
2160 3115 128 20 nécessités

1764 3141 144 24 techniques.
1922 3147 13 13 >

1790 3167 159 19 Confrontons
1973 3165 16 20 à
2012 3170 41 15 ces
2078 3165 162 21 observations
2264 3165 24 19 la

1764 3192 76 23 partie
1861 3192 32 19 du
1913 3192 57 23 plan
1990 3190 32 20 du
2042 3192 185 22 gouvernement
2247 3190 41 24 qui

1763 3216 149 20 subordonne
1934 3216 25 19 la
1979 3215 85 20 remise
2086 3220 30 16 en
2139 3214 96 20 activité
2257 3215 31 19 du

1763 3240 75 20 Flénu
1855 3240 17 19 â
1889 3240 164 24 l'acceptation
2068 3244 45 19 par
2129 3240 35 19 les
2182 3240 105 19 mineurs

1765 3265 30 20 du
1811 3266 84 19 nouvel
1910 3265 180 24 aménagement
2105 3265 41 19 des
2161 3265 85 19 heures
2259 3265 29 18 de

1765 3291 92 20 travail.

1789 3315 33 20 Le
1842 3315 141 24 rapporteur
2001 3319 16 15 a
2034 3313 56 25 posé
2107 3314 42 20 des
2167 3314 121 23 questions

1766 3344 31 15 au
1814 3340 64 23 sujet
1895 3340 29 20 de
1941 3340 25 19 la
1983 3340 113 19 situation
2114 3339 42 21 des
2174 3338 58 21 3,800
2250 3343 30 15 ou-

1766 3365 74 20 vriers
1855 3365 40 23 qui
1911 3364 89 20 étaient
2014 3364 45 19 mis
2074 3369 29 15 en
2118 3363 113 24 chômage
2246 3368 43 19 par

1766 3389 24 20 la
1809 3390 129 20 fermeture
1957 3390 32 19 du
2007 3388 82 20 Flénu.
2108 3388 50 20 Des
2178 3388 111 23 réponses

1764 3414 55 24 qu'il
1836 3419 16 15 a
1869 3414 119 23 obtenues,
2004 3414 17 19 il
2038 3412 88 23 résulte
2142 3412 54 25 qu'à
2212 3413 24 20 la
2251 3413 37 20 fin

1767 3439 125 19 novembre
1905 3439 17 19 il
1933 3444 17 18 y
1961 3439 65 19 avait
2039 3443 83 15 encore
2135 3443 29 15 en
2176 3437 114 24 chômage

1765 3464 77 23 parmi
1861 3469 40 14 ces
1918 3463 59 23 3,800
1996 3464 112 22 ouvriers,
2126 3462 39 19 466
2183 3462 106 20 ouvriers

1766 3489 28 19 de
1811 3489 25 19 la
1852 3489 94 19 surface
1963 3489 25 19 et
2003 3488 39 20 272
2058 3488 106 19 ouvriers
2178 3487 31 19 du
2224 3488 65 21 fond,

1766 3514 57 19 dont
1843 3514 131 20 seulement
1992 3513 13 19 5
2024 3513 107 20 ouvriers
2148 3512 17 20 à
2183 3512 74 22 veine,
2276 3512 13 18 4

1767 3542 134 16 recarreurs
1924 3539 25 19 et
1970 3542 48 16 une
2041 3537 117 20 trentaine
2183 3537 28 20 de
2236 3541 44 15 cou-

1766 3567 71 20 peurs
1854 3563 29 20 de
1900 3563 71 20 voies.

1791 3588 31 20 M.
1844 3588 35 20 De
1902 3587 66 21 Smet
1990 3586 109 26 présente
2121 3587 42 19 des
2185 3585 95 21 considé-

1766 3613 89 21 rations
1876 3617 43 15 sur
1938 3613 35 19 les
1994 3611 161 25 négociations
2176 3616 105 15 commer-

1764 3637 78 20 ciales.
1854 3637 37 20 On
1902 3636 48 21 sait
1959 3642 45 19 que
2015 3637 24 19 la
2049 3636 96 24 plupart
2155 3637 42 19 ont
2207 3636 80 20 abouti

1766 3661 15 21 â
1796 3662 24 20 la
1834 3662 55 21 date
1904 3662 28 20 de
1948 3667 27 15 ce
1989 3662 61 23 jour.

1790 3686 274 25 L'approvisionnement
2081 3686 31 20 du
2130 3691 58 19 pays
2206 3686 37 20 est
2259 3690 29 16 en

1765 3712 130 19 connexion
1910 3716 58 15 avec
1984 3712 33 19 les
2033 3711 97 19 accords
2143 3711 100 20 obtenus
2258 3716 31 14 ou

1767 3740 84 17 encore
1869 3736 16 20 à
1905 3736 98 20 obtenir.
2021 3735 114 21 L'affaire
2155 3736 41 19 des
2214 3736 76 19 laines

1766 3761 45 20 fait
1825 3761 81 23 l'objet
1921 3761 29 22 de
1964 3764 136 20 remarques
2116 3759 91 22 amères
2223 3760 27 20 de
2265 3761 24 18 la

1767 3787 54 20 part
1843 3786 32 19 du
1896 3786 147 23 rapperteur.

1791 3811 97 19 Celui-ci
1910 3811 103 23 regrette
2034 3810 35 20 les
2092 3809 146 24 exemptions
2259 3810 29 19 de

1766 3835 74 20 droits
1860 3835 41 25 qui
1921 3836 42 19 ont
1983 3834 37 20 été
2041 3834 132 24 supprimés
2193 3835 25 20 et.
2237 3838 44 21 por-

1767 3860 76 20 taient
1856 3865 42 15 sur
1912 3860 34 20 les
1961 3860 138 20 ouvertures
2114 3860 28 19 de
2154 3858 76 21 crédit
2243 3864 47 15 aux

1768 3885 87 22 classes
1873 3889 135 19 moyennes.
2026 3884 20 19 Il
2065 3884 108 20 souhaite
2192 3888 46 20 que
2256 3885 35 18 les

1767 3910 146 23 exemptions
1929 3910 77 20 soient
2023 3908 117 21 rétablies.

1791 3934 139 24 S'oocupant
1944 3935 29 19 de
1988 3934 23 20 la
2026 3933 139 25 production
2178 3934 109 24 agricole,

1766 3959 16 19 Il
1801 3959 107 21 constate
1927 3964 45 19 que
1993 3964 26 15 ce
2039 3958 60 20 n'est
2118 3963 43 19 pas
2180 3958 16 19 à
2215 3963 74 19 coups

1766 3983 113 21 d'arrêtés
1894 3984 69 24 qu'on
1977 3984 169 23 l'augmentera
2161 3983 60 19 mais
2236 3983 53 19 bien

1766 4014 43 18 par
1821 4014 46 15 une
1880 4009 169 19 collaboration
2062 4008 100 19 efficace
2175 4009 67 20 entre
2254 4008 35 19 les

1769 4034 101 20 services
1886 4033 180 24 agronomiques
2083 4033 29 22 de
2129 4032 73 21 l'Etat
2218 4034 23 18 et
2257 4033 34 19 les

1767 4058 189 24 professionnels.
1970 4058 20 19 H
2004 4064 26 16 se
2043 4057 121 23 demande,
2176 4057 15 20 à
2204 4062 86 20 propos

1766 4083 29 21 do
1812 4083 180 19 l'alimentation
2009 4083 32 19 du
2058 4081 78 24 bétail,
2154 4083 20 19 si
2191 4082 90 24 l'appro-

1766 4108 173 20 visionnement
1959 4112 30 16 en
2010 4107 126 20 tourteaux
2156 4107 37 20 est
2213 4107 77 19 inclus

1767 4133 59 19 dans
1841 4132 34 20 les
1891 4132 161 24 négociations
2068 4131 181 22 commerciales.
2277 4149 9 11 B

1791 4157 20 19 Il
1827 4157 106 24 souligne
1946 4157 160 24 l'importance
2121 4161 85 18 accrue
2221 4156 30 19 de
2264 4157 26 19 la

1767 4182 108 24 question
1896 4182 42 20 des
1960 4181 87 20 crédits
2070 4182 24 19 et
2115 4180 100 25 suggère
2237 4180 52 20 d'en

1767 4207 112 19 accorder
1890 4211 55 16 sous
1957 4207 75 20 forme
2045 4205 140 23 d'escompte
2199 4206 27 20 de
2238 4210 43 19 pro-

1768 4236 94 18 messes,
1876 4236 30 15 en
1920 4224 79 27 Maison
2014 4231 40 19 des
2068 4230 131 23 paiements
2213 4235 69 18 comp-

1768 4257 54 19 tant
1841 4257 25 19 et
1884 4256 29 20 de
1933 4254 177 26 l'impossibilité
2130 4256 68 22 quasi
2217 4255 73 19 totale

1768 4281 31 18 du
1816 4280 156 24 warrantage.

1791 4304 76 25 Après
1885 4305 67 19 avoir
1969 4304 59 21 émis
2047 4304 111 24 quelques
2176 4304 113 24 critiques

1767 4334 42 16 sur
1827 4330 100 19 l'accord
1947 4330 123 19 intervenu
2089 4329 67 21 entre
2174 4329 74 19 l'Etat
2267 4330 23 18 et

1769 4356 35 20 les
1829 4357 76 19 trusts
1929 4354 156 23 d'électricité,
2110 4356 22 19 le
2156 4355 141 23 rapporteur

1769 4379 100 20 termine
1891 4384 30 15 en
1943 4379 115 20 émettant
2079 4378 42 19 des
2142 4378 149 24 suggestions

1768 4403 110 20 relatives
1891 4402 16 21 à
1919 4403 25 19 la
1957 4403 162 20 coordination
2132 4401 158 25 économique,

1766 4427 118 24 problème
1897 4427 40 24 qui
1951 4428 125 20 rencontre
2089 4431 84 17 encore
2188 4428 28 20 de
2230 4428 49 19 mul-

1767 4452 70 24 tiples
1855 4452 137 20 difficultés.

3067 217 17 20 ^
3083 217 18 22 ^
3100 217 24 24 ^
3124 217 54 20 ■**^

1989 4481 73 24 ♦—

1796 4508 21 22 £
1830 4510 18 19 A
1860 4510 106 23 Rcmoaes,
1976 4510 47 23 près
2032 4509 25 19 de
2067 4509 93 22 Melgaco
2172 4509 120 23 (Portugal)

1770 4534 88 23 pendant
1878 4535 21 19 la
1918 4531 159 29 représen(ation
2097 4533 100 21 théâtrale
2216 4535 78 19 donnée

1771 4565 38 14 sur
1825 4565 41 14 une
1882 4559 61 20 scène
1959 4558 128 25 improvisée,
2104 4558 78 21 celle-ci
2198 4559 48 20 s'est
2263 4559 23 23 ef-

1773 4584 87 23 fondrée
1882 4584 78 23 faisant
1983 4591 41 13 une
2048 4583 99 21 trentaine
2171 4584 25 20 de
2220 4584 75 20 blessés

1772 4610 49 19 dont
1838 4609 54 20 deux
1907 4612 46 17 sont
1969 4610 125 24 grièvement
2110 4608 90 22 atteints.

2348 292 215 69 Chronique
2596 292 207 59 Judiciaire

2358 389 159 20 TRIBUNAL
2529 388 265 21 CORRECTIONNEL

2455 415 43 18 DE
2511 414 185 20 BRUXELLES

2463 439 75 19 Rossé
2550 441 24 18 et
2587 437 103 20 dévalisé

2418 467 44 18 par
2472 468 33 14 un
2515 464 84 18 ancien
2609 462 124 19 co-dêtenu

2338 486 33 20 Le
2391 486 13 19 8
2423 487 133 21 novembre,
2576 486 66 20 René
2663 486 119 21 Declercq,
2802 485 40 22 qui

2312 510 85 20 sortait
2418 512 29 18 de
2469 512 86 21 prison,
2577 516 25 14 se
2625 511 92 18 rendait
2738 511 60 19 dans
2820 510 21 18 le

2312 535 105 21 quartier
2435 536 29 19 de
2483 536 23 18 la
2524 541 57 15 Rare
2599 535 31 19 du
2649 534 71 19 Nord.
2739 535 19 19 Il
2777 534 64 19 avait

2312 558 38 19 500
2368 559 30 19 fr.
2416 564 30 14 en
2464 560 73 21 poche
2554 560 25 18 ct
2595 565 27 14 se
2640 560 44 18 mit
2700 558 15 19 à
2732 558 71 19 boire.
2821 559 19 18 II

2313 584 126 18 rencontra
2461 584 75 19 Henri
2560 584 83 21 Theys,
2668 583 109 19 habitant
2801 587 41 14 rue

2314 606 137 23 Huy^hens,
2478 607 16 20 à
2521 607 146 20 Molenbeek.
2694 607 54 21 qu'il
2776 607 65 18 avait

2312 636 77 14 connu
2408 637 30 14 en
2456 632 79 20 prison
2554 633 24 17 et
2596 633 40 19 qui
2654 637 25 14 se
2697 631 104 19 trouvait
2819 630 23 20 là

2312 660 57 14 avec
2390 656 117 21 plusieurs
2528 656 124 19 individus.
2673 655 37 19 On
2730 656 113 18 continua

2310 678 17 20 à
2347 679 70 22 boire,
2437 684 47 15 une
2504 680 101 21 querelle
2625 680 84 21 surgit,
2729 680 112 21 Declercq

2314 703 36 19 fut
2375 703 65 20 rossé
2464 705 24 18 et
2511 709 30 14 on
2566 704 33 20 lui
2622 704 54 19 vola
2699 709 43 14 son
2766 706 67 19 porte-

2312 727 79 20 feuille
2411 728 40 20 qui
2472 728 79 19 devait
2571 728 107 19 contenir
2699 733 83 15 encore
2803 733 28 14 en-

2312 752 68 19 viron
2396 752 39 18 200
2453 751 28 21 fr.
2498 752 20 19 U
2536 752 98 22 prétend
2650 757 45 17 que
2711 752 78 21 Theys
2806 753 36 18 est

2311 780 43 15 son
2369 776 115 21 principal
2498 781 131 16 agresseur.

2336 800 36 19 La
2391 800 39 19 19e
2449 801 112 19 chambre
2580 806 15 14 a
2615 799 130 20 condamné
2764 801 77 22 Theys

2311 823 16 20 à
2338 829 31 14 un
2381 829 31 14 an
2423 824 29 20 de
2463 825 87 20 prison.

2356 852 160 19 TRIBUNAL
2533 852 265 19 CORRECTIONNEL

2487 877 44 18 DE
2544 876 125 20 BRUGES

2369 901 39 19 Un
2426 901 182 24 propagandiste
2626 902 157 19 communiste

2510 926 132 19 condamné

2339 951 122 22 Mercredi,
2477 956 16 14 a
2508 956 113 18 comparu
2637 953 20 18 le
2674 951 93 20 nommé
2784 952 53 23 Ley-

2311 980 44 15 sen
2371 976 95 23 Joseph,
2484 976 181 25 propagandiste
2683 978 155 18 communiste

2314 1001 116 20 domicilié
2453 1002 15 19 à
2490 1002 153 20 Asdabroeck,
2666 1002 120 22 poursuivi
2810 1002 30 18 du

2313 1026 55 18 chef
2384 1026 89 19 d'avoir
2489 1026 112 19 distribué
2618 1027 41 18 des
2676 1028 74 17 tracts
2766 1026 16 19 à
2798 1027 40 18 des

2311 1051 91 19 soldats
2429 1051 118 19 mobilisés
2578 1051 103 20 attablés
2713 1052 60 19 dans
2805 1052 36 19 las

2314 1074 73 22 cafés.
2412 1076 31 18 Le
2475 1075 104 23 prévenu
2610 1076 39 23 qui
2682 1077 104 22 pendant
2817 1078 23 18 la

2313 1105 83 18 guerre
2413 1101 28 20 de
2457 1101 86 19 1914-ls
2559 1102 65 20 avait
2640 1100 36 22 été
2693 1101 100 24 renvoyé
2810 1102 28 18 de

2313 1124 94 20 l'armée
2431 1125 68 23 après
2522 1126 67 19 avoir
2612 1125 36 22 été
2671 1126 130 21 condamné
2824 1126 16 19 à

2315 1150 60 19 deux
2397 1151 102 22 reprisée
2525 1152 15 19 à
2568 1152 23 18 la
2619 1150 119 21 détention
2761 1151 70 23 perpé-

2314 1175 76 22 tuelle,
2405 1179 15 14 a
2435 1175 36 20 été
2487 1175 130 20 condamné
2631 1175 16 20 à
2661 1177 60 19 deux
2736 1177 59 18 mois
2810 1177 28 18 de

2313 1200 80 23 prison
2408 1201 24 20 et
2446 1200 39 20 700
2501 1202 28 18 fr.
2544 1201 121 19 d'amende
2680 1206 31 14 ou
2726 1206 30 17 un
2773 1202 64 18 mois.

2348 1233 85 20 COUR
2445 1234 150 20 D'ASSISES
2607 1235 43 19 DU
2663 1233 140 22 HAINAUT

2417 1259 33 18 Le
2459 1259 73 19 crime
2542 1259 28 19 de
2581 1259 154 20 Chât-ellneau

2337 1282 115 19 Mercredi
2472 1283 57 19 midi
2548 1289 16 14 a
2582 1288 113 18 comparu
2713 1285 88 18 devant
2819 1284 23 19 la

2311 1306 63 19 Cour
2392 1307 110 19 d'assises
2520 1308 31 19 du
2570 1308 106 19 Hainaut
2695 1309 23 19 la
2735 1308 107 20 nommée

2313 1329 215 22 Maria-Germania
2545 1332 201 22 Vandercruysen,
2764 1332 70 20 ména-

2311 1354 62 22 gère,
2387 1354 44 21 née
2444 1355 15 19 à
2473 1356 149 19 Landcautcr
2636 1357 20 19 le
2670 1357 25 18 21
2708 1357 133 22 septembre

2312 1378 57 22 1912,
2388 1379 131 20 domiciliée
2536 1379 16 20 à
2569 1379 161 23 Châtelineau.
2748 1383 40 20 qui
2807 1384 36 17 est

2312 1403 99 20 accusée
2446 1404 138 20 d'homicide
2620 1405 129 20 volontaire
2784 1411 58 15 avec

2312 1427 180 22 préméditation
2512 1433 42 14 sur
2574 1429 23 19 la
2617 1434 114 16 personne
2751 1430 28 19 de
2799 1435 42 14 son

2311 1451 133 20 beau-frère
2461 1452 123 21 Chevalier
2600 1453 85 21 Julien,
2702 1455 94 19 ouvrier
2812 1459 30 14 en

2312 1477 62 18 cette
2395 1475 93 20 localité
2508 1477 40 21 qui
2568 1477 39 19 fut
2626 1477 40 20 tué
2686 1477 16 20 à
2721 1483 73 17 coups
2813 1479 29 19 de

2312 1500 75 19 hache
2408 1505 70 17 parce
2499 1506 45 15 que
2564 1502 62 20 cette
2647 1502 87 19 femme
2754 1503 32 19 lui
2807 1508 26 14 re-

2312 1524 107 21 prochait
2436 1525 29 21 de
2482 1526 133 19 maltraiter
2631 1531 28 14 sa
2675 1531 63 15 sœur
2754 1526 89 20 mariée

2312 1553 57 14 avec
2388 1549 32 19 lui
2439 1551 24 17 et
2480 1549 49 19 très
2548 1551 168 19 malheureuse.

2337 1573 124 19 L'accusée
2480 1573 59 20 était
2557 1574 98 20 assistée
2674 1576 29 19 de
2722 1575 38 21 Me
2779 1576 64 18 Han-

2312 1598 61 20 quet,
2393 1598 31 18 du
2443 1598 106 19 Barreau
2567 1599 29 18 de
2615 1599 130 22 Charleroi;
2766 1600 43 20 elle
2828 1605 15 14 a

2312 1621 115 19 demandé
2441 1621 16 20 à
2471 1627 27 14 ce
2512 1627 45 17 que
2571 1623 128 21 l'audience
2713 1624 46 19 soit
2773 1626 70 18 tenue

2312 1645 182 22 publiquement.

2340 1670 45 19 Sur
2408 1668 140 24 réquisition
2573 1671 28 20 do
2626 1671 30 19 M.
2682 1672 21 20 le
2729 1672 113 20 substitut

2313 1692 113 23 Misonnc,
2441 1699 88 17 organe
2542 1696 32 19 du
2587 1694 121 21 ministère
2722 1697 84 21 public,
2820 1697 23 19 la

2311 1717 65 20 Cour
2398 1723 16 15 a
2436 1718 80 20 décidé
2539 1720 30 19 de
2591 1720 126 22 prolonger
2739 1722 104 21 pendant

2312 1746 33 14 un
2359 1742 60 19 mois
2433 1743 23 20 la
2469 1743 59 19 mise
2542 1749 30 14 en
2586 1744 149 21 observation
2748 1746 29 19 de
2791 1745 43 20 l'ac-

2313 1765 75 23 cusée,
2406 1771 31 15 au
2454 1767 65 20 point
2535 1768 30 18 de
2581 1773 45 15 vue
2642 1769 88 19 mental
2747 1774 33 17 ce,
2798 1770 39 21 -jus-

2312 1790 53 22 qu'à
2383 1791 23 19 la
2423 1791 36 19 fin
2477 1792 28 19 de
2523 1791 88 20 février
2628 1793 119 22 prochain.

2339 1813 31 20 M.
2390 1814 20 20 le
2429 1814 119 23 président
2567 1822 15 13 a
2600 1817 91 19 ensuite
2710 1817 92 20 déclaré
2820 1819 24 18 la

2312 1838 132 22 quatrième
2462 1840 90 19 session
2571 1841 41 19 des
2632 1841 87 20 assises
2737 1842 32 19 du
2788 1842 46 19 Hai-

2313 1863 58 19 naut
2386 1863 31 20 de
2434 1863 59 22 1939,
2509 1864 63 21 close
2589 1866 23 19 et
2630 1865 127 20 l'audience
2774 1871 15 14 a
2806 1866 37 21 été

2312 1886 72 21 levée.

2436 1932 33 20 Le
2479 1933 82 19 drame
2571 1934 29 19 de
2610 1933 109 21 Châtelet

2339 1962 51 20 Une
2409 1963 150 21 ordonnance
2578 1965 29 20 de
2626 1965 24 20 la
2667 1966 117 22 Chambre
2803 1967 51 28 desj

2312 1987 73 20 mises
2401 1993 30 14 en
2449 1989 136 19 accusation
2603 1989 64 21 vient
2684 1991 29 20 de
2730 1996 115 17 renvoyer

2313 2011 87 20 devant
2416 2012 20 19 le
2453 2013 54 22 iury
2520 2014 33 18 du
2569 2014 106 20 Hainaut
2690 2020 60 17 pour
2763 2020 16 18 y
2793 2015 52 21 être

2313 2035 56 22 jugé
2383 2041 31 14 au
2429 2041 69 15 cours
2512 2038 29 18 de
2555 2038 24 19 la
2593 2038 89 20 session
2697 2039 31 19 du
2743 2032 111 29 premier]

2312 2060 127 22 trimestre,
2455 2061 21 19 le
2492 2062 64 21 sujet
2572 2062 81 20 italien
2669 2063 117 23 Giuseppe
2801 2065 53 27 Ca-j

2311 2084 67 23 taldi,
2395 2083 44 23 âgé
2456 2086 29 20 de
2502 2086 25 18 44
2543 2091 52 17 ans,
2612 2087 122 22 cantinler,
2752 2089 83 19 demeu-

2313 2109 55 18 rant
2387 2113 41 15 rue
2448 2110 29 20 de
2494 2110 120 23 Lorraine.
2633 2112 45 22 112,
2696 2112 16 20 à
2728 2112 115 20 Châtelet
2850 2106 4 17 1

2339 2133 21 19 Il
2375 2134 37 18 est
2426 2133 85 20 accusé
2527 2135 89 21 d'avoir
2631 2137 60 19 dans
2707 2138 61 19 cette
2784 2134 70 31 Ioca-|

2313 2155 47 22 Hté.
2378 2157 22 20 le
2416 2157 24 19 14
2458 2159 48 19 mal
2523 2159 100 23 dernier,
2640 2161 98 20 commis
2755 2167 32 14 un
2804 2163 33 19 ho-

2313 2181 86 20 micide
2419 2183 131 21 volontaire
2570 2189 43 15 sur
2634 2185 24 19 la
2679 2190 115 17 personne
2815 2184 39 22 de'

2314 2210 43 15 son
2379 2207 155 22 compatriote
2555 2208 124 20 Domînico
2701 2210 142 22 Delgulcide,
2850 2204 5 34 |

2313 2229 62 20 ainsi
2396 2235 46 17 que
2463 2232 59 18 trois
2544 2233 127 20 tentatives
2693 2234 151 21 d'homicides

2313 2254 144 21 volontaires
2469 2261 43 14 sur
2526 2256 101 22 l'épouse
2643 2258 142 23 Delguicide,
2800 2258 55 21 née'

2313 2278 98 20 Saveria
2427 2279 80 22 Berra.
2525 2286 42 14 sur
2582 2287 29 14 sa
2629 2282 87 20 femme
2734 2276 121 30 légitime,!

2314 2301 117 24 Fortunat
2442 2303 112 24 Carnant,
2567 2307 24 18 et
2602 2311 42 15 sur
2655 2312 42 14 son
2710 2308 40 19 fils
2761 2309 82 19 Albert
2850 2300 4 19 '

2313 2326 99 21 Cataldl.
2848 2327 7 23 i

2359 2354 161 22 TRIBUNAL
2535 2357 267 23 CORRECTIONNEL

2469 2381 43 20 DE
2530 2382 160 21 VERVIERS

2348 2404 137 21 Fraudeurs
2504 2406 149 23 sévèrement
2672 2409 145 21 condamnés

2341 2430 70 19 Alors
2429 2431 55 23 qu'il
2503 2432 59 20 était
2579 2433 128 24 gendarme
2724 2435 16 20 à
2757 2437 23 18 la
2797 2436 36 19 bri-

2316 2455 59 22 gade
2398 2456 28 18 de
2449 2456 124 24 Malmédy,
2595 2458 102 24 Georges
2720 2460 42 22 S-,
2783 2466 58 15 avec

2316 2481 23 19 la
2354 2480 132 23 complicité
2502 2482 28 21 de
2545 2488 28 15 sa
2589 2483 94 23 femme,
2698 2485 42 20 née
2757 2486 85 20 Emma

2316 2504 40 20 E.»
2378 2508 31 19 ,et
2431 2505 28 20 de
2481 2511 43 14 son
2547 2505 62 23 frêne
2631 2508 95 21 Johann
2748 2511 42 22 S...,
2813 2512 28 19 de

2317 2529 154 24 Manderfeld,
2496 2532 65 21 avait
2586 2533 109 23 rapporté
2721 2535 113 20 d'Allema-

2316 2559 53 18 gne,
2392 2559 30 16 en
2446 2556 91 23 fraude,
2566 2562 33 15 un
2628 2559 138 24 accordéon,
2796 2566 46 15 une

2315 2580 107 23 musique
2440 2581 15 20 à
2472 2581 89 20 bouche
2578 2585 24 17 et
2619 2584 41 18 des
2677 2584 107 23 jumelles
2802 2587 39 22 qui

2316 2604 32 20 lui
2365 2605 96 20 avaient
2480 2606 36 20 été
2535 2608 164 20 commandées
2718 2615 44 18 par
2779 2611 62 19 Mme

2315 2629 50 22 K.„,
2383 2630 28 19 de
2431 2631 124 24 Malmédy.

2329 2678 5 7 _
2341 2655 32 20 Le
2388 2655 103 21 tribunal
2505 2658 170 21 correctionnel
2690 2661 27 19 de
2732 2661 109 20 Verviers

2314 2679 57 20 s'est
2386 2680 101 23 montré,
2505 2683 60 20 dan-?
2579 2688 39 14 ses
2635 2685 117 22 attendus,
2770 2687 62 22 parti-

2315 2704 153 21 culièrement
2488 2706 81 21 sévère
2591 2713 60 19 pour
2670 2711 22 19 le
2713 2711 128 23 gendarme

2315 2731 40 21 qui
2372 2734 15 15 a
2403 2729 37 23 été
2456 2732 131 19 condamné
2603 2733 15 20 à
2634 2734 25 19 16
2675 2735 60 19 mo's
2752 2736 28 19 de
2797 2737 35 23 pri-

2314 2759 44 15 son
2376 2756 25 19 et
2418 2756 58 21 1,987
2494 2757 30 21 fr.
2542 2758 132 20 d'amende.
2692 2760 94 20 Johann
2805 2762 36 19 S...

2316 2782 25 18 et
2362 2780 86 20 Emma
2468 2781 40 20 E...
2530 2782 98 24 écopent
2649 2784 29 21 de
2697 2785 14 20 S
2731 2786 61 20 mois
2813 2787 28 19 de

2316 2804 79 24 prison
2412 2808 25 18 et
2453 2806 58 22 1,850
2527 2808 30 21 fr.
2575 2808 126 21 d'amende.
2719 2811 62 19 Mme
2798 2812 42 19 K...

2314 2829 57 19 s'est
2388 2835 45 15 vue
2453 2831 95 24 infliger
2564 2833 13 19 4
2594 2834 60 20 mois
2673 2836 27 19 de
2718 2836 81 22 prison
2817 2838 24 18 et

2317 2854 58 22 1,687
2391 2855 29 19 fr.
2438 2856 127 21 d'amende.

2358 2907 66 31 UNE
2442 2908 145 33 FAMILLE
2603 2910 187 33 ASPHYXIEE

2484 2952 25 30 A
2528 2951 136 33 LATHUY

2492 3015 74 31 Deux
2578 3022 83 26 morts

2326 3063 47 21 (De
2391 3065 66 19 notre
2473 3067 185 23 correspondant
2675 3068 148 24 particulier)

2546 3098 109 24 Nivelles,
2673 3100 26 18 18
2715 3100 100 23 janvier.

2339 3121 38 20 Un
2392 3121 92 23 pénible
2499 3123 108 20 accident
2623 3124 65 19 vient
2702 3125 28 19 de
2745 3130 26 14 se
2787 3130 44 19 pro-

2311 3145 66 20 duire
2394 3146 16 19 à
2426 3147 99 24 Lathuy.
2543 3148 52 22 Rue
2612 3148 102 24 Bâtyn-cl
2731 3150 108 19 habitent

2312 3170 35 19 les
2378 3170 76 24 époux
2483 3173 106 18 Armand
2620 3173 127 20 Guilmain.
2777 3176 64 18 Pour

2311 3195 79 20 mieux
2405 3196 95 24 soigner
2515 3197 51 20 leur
2582 3198 73 24 petite
2671 3199 49 19 fille
2735 3198 58 25 âgée
2811 3200 28 19 de

2310 3220 13 18 4
2341 3225 50 18 ans,
2407 3221 30 19 ils
2455 3222 95 19 avaient
2574 3222 80 20 décidé
2686 3224 29 19 de
2745 3225 91 19 dormir

2312 3249 32 15 au
2368 3246 199 21 rez-de-chaussée
2591 3248 31 22 et,
2648 3252 30 16 en
2703 3249 80 20 raisou
2808 3250 32 19 du

2312 3270 69 22 froid,
2400 3271 29 19 ils
2446 3272 95 19 avaient
2558 3272 122 21 maintenu
2699 3274 31 19 du
2749 3275 47 19 feu.

2337 3295 69 20 Jeudi
2429 3297 75 19 matin
2526 3302 29 14 on
2577 3298 34 19 les
2632 3304 15 13 a
2669 3298 95 20 trouvés
2786 3300 53 19 tous

2313 3320 58 22 trois
2389 3321 124 23 asphyxiés
2531 3326 44 19 par
2592 3323 35 19 les
2643 3322 148 22 émanations
2809 3324 29 19 du

2315 3345 70 23 poêle.
2408 3346 111 19 L'enfant
2542 3347 65 19 avait
2631 3347 64 20 cessé
2719 3348 29 19 de
2769 3348 72 23 vivre,

2312 3370 22 18 le
2356 3370 57 23 père
2435 3376 16 15 a
2473 3371 124 21 succombé
2619 3372 112 24 quelques
2754 3374 15 19 h
2773 3378 66 15 sures

2312 3394 53 24 plus
2386 3395 60 19 tard.
2467 3396 81 22 Quant
2567 3396 16 20 à
2601 3397 24 19 la
2646 3396 70 24 mère,
2739 3398 42 19 elle
2802 3399 37 20 est

2314 3420 55 19 hors
2385 3420 28 19 de
2429 3420 95 24 danger.

2502 3472 45 31 UN
2566 3472 89 31 GALA

2348 3512 48 32 DU
2410 3525 18 19 «
2448 3513 64 32 SOU
2527 3515 46 30 DU
2587 3515 179 31 VIEILLARD
2787 3527 19 19 »

2338 3577 106 21 L'œuvre
2463 3584 12 14 <
2494 3579 33 19 Le
2546 3579 45 20 Sou
2611 3579 31 20 du
2661 3579 112 20 Vieillard
2793 3586 12 13 »
2825 3584 15 15 a

2314 3602 108 23 organisé
2443 3604 115 19 mercredi
2589 3604 48 19 soir
2665 3604 16 20 à
2704 3604 135 20 l'Ancienne

2313 3627 112 24 Belgique
2447 3633 32 14 un
2499 3629 55 24 gala
2575 3629 60 19 suivi
2658 3633 44 19 par
2722 3634 31 14 un
2775 3634 56 15 nom-

2314 3652 73 20 breux
2407 3653 84 23 public,
2512 3653 216 23 particulièrement
2747 3653 93 20 recruté

2313 3677 61 19 dans
2398 3677 25 19 la
2447 3678 137 24 population
2609 3679 174 23 commerçante
2808 3679 32 19 du

2313 3701 43 20 bas
2373 3702 29 19 de
2419 3703 25 18 la
2460 3703 61 19 ville.

2342 3727 37 19 Au
2392 3727 100 24 premier
2505 3732 60 19 rang
2576 3728 28 18 de
2616 3732 27 15 ce
2655 3727 78 24 public
2745 3728 96 20 avaient

2313 3752 148 19 notamment
2477 3752 50 23 pris
2543 3752 66 24 place
2627 3752 30 19 M.
2675 3753 96 23 Foulon,
2789 3752 41 24 pré-

2314 3776 79 19 sident
2407 3776 138 24 d'honneur;
2560 3776 30 20 M.
2604 3777 103 24 Delogle,
2719 3777 120 23 président

2314 3802 30 18 du
2365 3802 163 24 groupement-
2549 3802 31 21 M,
2599 3802 148 22 Kunnouillc,
2768 3803 63 19 direc-

2314 3826 53 19 teur
2380 3827 28 18 de
2420 3826 109 23 l'hospice
2542 3826 29 19 de
2584 3827 24 19 la
2621 3831 42 15 rue
2678 3827 31 19 du
2723 3827 73 20 Canal
2810 3831 29 17 en

2314 3851 83 19 faveur
2411 3851 84 23 duquel
2509 3851 101 20 s'exerce
2624 3852 214 24 particulièrement

2314 3875 23 19 la
2353 3875 132 23 générosité
2502 3877 32 19 du
2551 3881 13 14 «
2580 3877 47 19 Sou
2643 3876 32 20 du
2691 3877 113 20 Vieillard
2821 3883 19 14 ».

2340 3900 105 19 L'œuvre
2476 3901 133 23 cependant
2639 3907 15 14 a
2683 3901 83 20 doublé
2797 3906 43 15 son

2314 3925 79 19 action
2409 3925 24 19 et
2448 3925 82 19 envoie
2546 3926 64 20 aussi
2627 3926 41 20 des
2685 3927 123 19 caissettes
2826 3926 15 20 à

2315 3949 28 19 de
2366 3949 130 20 nombreux
2521 3950 124 20 .-lobllisés.
2668 3951 70 19 Aussi
2762 3950 78 20 faut-Il

2314 3979 25 14 se*
2357 3974 101 20 féliciter
2475 3974 70 24 qu'un
2563 3980 130 16 noir.oreux
2709 3976 78 23 public
2806 3975 35 20 ait

2314 3998 81 20 assuré
2413 4003 46 15 aux
2476 4000 176 23 organisateurs
2669 4005 46 15 une
2731 4000 59 20 belle
2806 4004 25 16 re-

2315 4024 68 19 cette.

2529 4054 103 21 -♦•♦-

2357 4080 148 36 BOURSE
2526 4082 46 34 0E
2595 4082 201 36 NEW-YORK

2480 4129 36 17 PU
2530 4130 23 16 18
2566 4130 109 16 JANVIER

2317 4156 100 16 Anaconda
2431 4156 106 21 Copp-ai...,
2577 4157 43 19 27%
2650 4157 43 19 27%

2316 4176 93 17 Bethléem
2427 4177 49 16 Sttel
2578 4177 42 18 73%

2315 4197 97 16 Canadian
2429 4197 73 17 Pacific
2517 4207 22 12 ...
2589 4198 31 18 5%

2315 4217 85 18 Chryiler
2414 4218 49 18 Corp
2572 4218 25 16 S3

2315 4238 48 16 Com
2386 4238 39 16 Gaa
2437 4239 22 15 or
2472 4237 24 17 N.
2512 4237 29 18 T..
2577 4238 43 18 31%

2315 4258 78 16 Oe.ToraJ
2410 4259 70 15 Motors
2577 4259 42 18 52%

2317 4279 87 16 [nteroat.
2425 4279 72 18 Nickel.
2499 4291 41 7 ...„
2576 4280 44 17 36%

2316 4299 94 18 Uontgom
2436 4300 104 18 Wird......
2575 4300 44 18 52%

2317 4320 101 16 New-Tort
2435 4319 102 20 Central...
2576 4320 43 20 36%

2316 4340 58 16 Nort».
2396 4342 142 20 American,....
2576 4341 44 19 207»

2317 4361 50 18 Repu
2369 4362 35 16 bile
2418 4362 50 16 Steal
2576 4361 23 15 20

2317 4382 89 16 -tombera
2427 4382 73 16 Pacific
2576 4381 43 19 13H

2316 4402 93 17 Standard
2423 4402 29 16 OU
2464 4404 21 14 of
2498 4403 23 16 N.
2534 4403 12 16 1
2576 4402 23 15 44

2318 4423 66 16 United
2405 4423 136 21 AtrcrafL....,,
2574 4422 45 18 45%

2317 4442 20 17 U.
2351 4443 18 16 a
2385 4443 74 16 Rubbei
2575 4442 45 18 37%

2317 4463 21 17 U.
2353 4463 19 16 8.
2387 4464 50 16 Steel
2576 4462 23 16 59

2489 4484 105 16 TBANffM
2605 4483 67 16 lW»

2317 4503 120 16 PNcêdentte
2567 4503 75 20 680,000

2316 4524 25 16 C*
2355 4525 49 17 Jour,
2418 4525 13 16 ft
2444 4525 21 16 11
2480 4525 13 15 h
2567 4524 74 19 190,000

2316 4544 25 17 Ci
2354 4545 48 18 Jour,
2415 4545 13 16 ft
2442 4545 21 16 14
2477 4546 13 15 b
2567 4544 75 20 630,000

2496 4571 55 16 CAÎ.I
2572 4572 15 14 m
2590 4572 63 14 o.Mrs

2321 4592 27 16 Ca
2363 4592 43 19 Jour
2561 4591 12 17 1
2584 4595 18 15 P.
2615 4594 17 16 e.

2326 4614 32 17 En
2381 4614 130 17 diminution
2518 4627 3 3 .
2529 4626 16 5 ..

2651 4178 20 15 73
2675 4179 17 16 -v

2662 4197 30 22 B%

2647 4218 41 20 Bl?i

2650 4240 41 17 31-,

2650 4259 42 19 52%

2650 4279 41 19 MX

2649 4300 42 19 51%

2650 4320 41 20 M*

2649 4443 22 15 .37
2675 4445 16 17 1;

2722 4158 43 18 27%
2794 4159 43 17 27%

2723 4178 42 19 73%
2795 4179 43 18 72%

2860 291 58 58 LA
2957 290 76 60 VIE
3072 287 312 61 BRUXELLOISE

2904 392 54 20 LT.
2972 392 27 19 F.
3015 392 26 19 A.
3057 391 25 20 C.
3098 391 40 19 ET
3153 390 25 19 C.
3194 390 27 19 O.
3235 390 28 22 F.
3276 389 28 20 A.
3319 389 28 21 G.

2997 417 61 20 DES
3073 418 33 20 8e,
3122 417 38 18 16e
3175 416 25 20 et
3214 416 40 18 38e

2863 442 163 23 organiseront
3052 443 20 18 le
3096 441 93 20 samedi
3205 440 27 19 20
3250 440 97 23 janvier,
3372 439 15 19 à

2862 467 27 19 20
2905 468 22 18 h.
2944 467 32 21 30,
2993 472 31 14 en
3040 469 24 18 la
3078 466 59 19 salle
3155 466 40 19 des
3212 464 68 23 fètca,
3296 465 33 22 65,
3346 469 40 14 rue

2863 493 28 18 d-i
2908 493 24 18 la
2946 491 116 24 Régence,
3077 492 16 19 à
3108 490 127 22 Bruxe.les,
3252 495 45 15 une
3312 489 75 19 eoirée

2864 517 80 19 intime
2959 522 30 15 au
3004 517 72 23 profit
3089 518 42 18 des
3145 515 101 19 familles
3261 516 41 18 des
3316 515 72 18 mob.-

2864 541 60 21 lisés.
2940 542 48 19 Des
3005 542 95 18 artistes
3116 546 30 14 en
3163 545 86 17 renom,
3266 540 60 19 ainsi
3343 543 43 20 que

2863 568 20 19 le
2898 571 51 19 jazz
2965 567 30 18 du
3011 567 38 18 38e
3066 567 28 20 da
3110 566 79 23 Ligne,
3204 570 57 15 sous
3277 565 23 19 la
3315 564 63 19 direc-

2863 593 50 19 tion
2936 592 28 19 de
2985 596 44 14 son
3051 591 62 22 chef,
3135 591 31 19 M.
3189 590 17 19 C
3208 594 83 17 renier,
3313 588 65 24 prête-

2864 619 53 17 ront
2940 618 62 18 leurs
3024 616 110 23 gracieux
3155 619 114 15 concours
3290 615 16 20 à
3326 615 61 18 cette

2863 642 179 19 manifestation
3060 643 27 19 de
3106 640 98 22 chanté.

3026 687 20 19 A
3062 686 164 20 L'AMICALE

2916 713 60 19 DES
2991 712 99 21 COURS
3105 709 231 21 COMMERCIAUX

2877 737 41 19 ET
2933 736 273 20 PROFESSIONNELS
3222 736 43 19 DE
3279 734 98 21 JETTE

2892 776 129 19 L'-Amicale
3046 776 41 18 des
3112 775 73 19 Cours
3210 774 179 20 Commerciaux

2864 804 23 18 et
2905 801 187 19 Professionnels
3112 802 27 18 de
3158 800 63 20 Jette
3240 799 108 23 organise
3368 799 20 18 le

2863 826 91 20 ■samedi
2972 826 26 19 20
3015 826 99 22 janvier,
3132 826 58 18 dans
3208 826 34 18 les
3259 824 80 20 salons
3357 824 31 18 du

2865 851 78 19 Palais
2972 852 31 18 <iu
3031 851 87 20 Miroir,
3146 850 45 21 606,
3219 849 112 20 chaussée
3359 848 28 19 de

2865 876 69 20 Jette,
2955 876 15 20 à
2991 876 70 20 Jette,
3081 880 43 13 son
3146 876 76 22 grand
3243 874 37 19 bal
3302 873 86 19 annuel

2865 905 31 14 au
2915 900 73 25 profit
3006 901 28 18 de
3052 905 39 14 ses
3108 900 90 18 soldats
3217 898 125 22 mobilisés,
3361 898 27 18 de

2865 926 64 19 leurs
2948 925 101 19 familles
3076 926 24 18 et
3126 925 41 21 des
3187 929 91 15 œuvres
3298 924 28 19 de
3347 924 41 19 l'A.

2865 951 24 18 C.
2904 950 27 22 P.

2892 975 152 19 L'excellerite
3062 974 128 20 formation
3207 974 28 19 de
3253 974 50 23 jazz
3320 973 70 23 Holy-

2866 1000 46 23 day
2936 1000 118 22 Swin^ers
3078 1001 24 18 et
3128 1000 34 18 lea
3186 998 108 20 brillants
3319 999 61 18 inter-

2864 1024 80 20 mèdes
2959 1025 28 19 de
3002 1024 86 19 Dahlia
3102 1023 83 20 Claver
3199 1023 190 24 agrémenteront

2866 1050 23 19 la
2903 1049 82 19 soirée.

2892 1075 118 18 Tombola.
3018 1074 119 19 Cotillons.
3145 1073 126 23 Surprises.
3296 1074 94 19 Bureau

2865 1098 16 21 à
2897 1100 25 19 20
2940 1100 21 18 h.
2978 1099 35 24 30;
3032 1099 38 20 bal
3086 1100 16 20 à
3117 1099 25 18 21
3159 1099 91 19 heures.

2885 1151 40 19 L\
2938 1151 83 19 FETE
3035 1151 43 19 DE
3091 1151 40 19 LA
3145 1150 108 21 GARDE
3266 1150 104 19 CIVILE

2864 1176 98 19 TERRI
2963 1176 136 19 'i-OKXALE
3117 1176 45 19 DE
3181 1174 209 20 SAINT-GILLES

2892 1208 62 19 C'est
2972 1207 90 20 samedi
3080 1206 26 21 20
3124 1206 98 24 janvier,
3240 1206 16 20 à
3273 1208 26 18 20
3317 1207 22 18 h.
3357 1206 32 22 30,

2864 1237 45 18 que
2932 1233 20 18 le
2973 1234 89 18 iservice
3084 1232 211 20 Pol.ce-Incendies
3317 1233 27 19 de
3367 1231 23 18 la

2865 1258 77 20 Garde
2963 1258 72 19 Civile
3056 1257 141 19 territoriale
3219 1258 27 18 de
3267 1257 66 18 Saint
3340 1256 49 19 Oïl-

2867 1285 32 19 les
2919 1284 111 20 donnera,
3050 1284 32 20 6J,
3103 1287 41 14 rue
3165 1288 27 14 ue
3213 1287 23 14 ia.
3256 1290 23 11 -b.
3296 1286 14 13 n
3322 1286 29 14 a.
3354 1286 35 15 ne,

2866 1313 44 14 une
2927 1308 89 23 grande
3034 1307 46 21 fête
3097 1306 123 25 artistique
3237 1311 30 14 au
3284 1305 106 20 bénéfica

2865 1333 28 19 de
2910 1338 28 15 sa
2954 1333 74 19 caisse
3046 1332 135 19 d'entr'aide
3199 1332 190 20 «Aidez-Nous».

2864 1359 37 18 Au
2920 1362 148 19 programme
3087 1358 27 18 de
3134 1357 150 19 nombreuses
3303 1359 76 16 attrac-

2864 1383 62 19 tions
2941 1384 57 19 dont
3013 1383 61 20 Mme
3088 1383 64 18 Nora
3165 1382 80 23 Divry,
3259 1382 130 19 cantatrice

2865 1408 42 19 des
2922 1409 139 22 prinepaux
3075 1407 104 20 théâtres
3195 1408 27 18 de
3237 1407 78 22 Par^;
3331 1406 60 20 Paul

2865 1433 81 23 Reval,
2967 1433 140 22 animateur,
3128 1434 24 17 et
3173 1432 88 19 Marcel
3282 1432 107 21 Antoine,

2866 1458 21 19 le
2906 1464 11 12 «
2925 1458 79 19 slache
3012 1465 11 11 »
3043 1458 53 19 bien
3114 1463 77 15 connu
3209 1457 41 19 des
3267 1457 124 19 sans-filis-

2866 1484 42 21 tes,
2928 1484 43 19 etc.

2892 1507 105 20 L'entrée
3016 1507 36 22 est
3069 1507 110 24 gratuite.

2899 1559 144 20 CONCERT
3060 1560 44 19 DE
3122 1559 230 20 BIENFAISANCE

2890 1592 50 19 Une
2954 1591 75 20 soirés
3044 1592 111 19 musicale
3170 1597 58 14 aura
3242 1592 45 18 lieu
3301 1593 20 18 le
3336 1595 44 15 ven-

2867 1616 65 21 dredi
2947 1617 25 21 26
2986 1617 99 23 janvier,
3099 1618 15 19 à
3129 1617 25 19 20
3169 1617 21 18 h.
3206 1617 43 21 1/2,
3265 1622 30 14 au
3311 1616 79 19 Musée

2865 1641 70 21 Charl
2937 1641 40 24 ler,
2991 1646 89 15 avenue
3096 1644 40 18 des
3150 1642 62 22 Arts,
3226 1642 31 21 16,
3272 1647 30 14 au
3317 1641 72 23 profit

2867 1667 27 19 de
2910 1666 26 22 l'«
2945 1667 120 20 Entr'aide
3080 1671 46 14 aux
3141 1666 118 20 Mobilisés
3274 1669 24 18 et
3312 1666 15 20 à
3341 1668 51 18 leur

2866 1692 89 19 famille
2964 1698 18 13 ».
2996 1693 54 18 Mlle
3063 1692 81 20 Livine
3159 1692 110 21 Mertens,
3282 1692 31 19 du
3327 1691 57 21 théâ-

2866 1718 36 20 tre
2921 1717 65 23 royal
3012 1717 28 19 de
3066 1717 23 19 la
3114 1717 119 22 Monnaie;
3255 1717 29 19 M.
3304 1717 87 22 Rogat-

2866 1742 109 23 chevijky,
2989 1742 28 19 de
3032 1741 93 24 l'Opéra
3137 1744 24 19 et
3175 1742 31 20 du
3220 1741 91 22 théâtre
3326 1742 64 23 royal

2866 1768 28 18 de
2909 1767 23 19 la
2945 1767 117 22 Monnaie,
3075 1769 24 18 et
3113 1767 29 19 M.
3157 1764 77 22 André
3249 1767 141 21 Dumortier,

2867 1791 92 20 lauréat
2980 1792 65 23 belge
3068 1792 31 19 du
3120 1796 113 15 concours
3256 1791 126 20 internatio-

2866 1817 38 19 nal
2918 1816 84 23 Ysaye,
3016 1816 121 26 prêteront
3151 1818 49 18 leur
3214 1817 110 24 gracieux
3338 1821 43 14 con-

2867 1846 75 14 cours.
2963 1842 31 19 Le
3017 1842 52 22 prix
3089 1842 40 19 des
3152 1842 77 22 places
3250 1844 37 18 est
3308 1841 47 20 fixé
3377 1841 15 19 à

2865 1867 26 18 25
2904 1867 87 21 francs.
3004 1867 36 20 On
3053 1870 55 20 peut
3121 1869 33 19 les
3168 1867 87 19 retenir
3266 1873 31 15 au
3311 1866 79 20 Musée

2867 1891 111 22 Chaiiler,
2992 1893 29 19 de
3035 1892 26 18 10
3075 1892 25 18 h:
3110 1892 16 20 à
3138 1892 57 18 midi
3210 1895 24 17 et
3246 1893 29 19 de
3289 1893 12 18 2
3314 1891 16 20 à
3343 1892 12 19 5
3368 1892 21 18 h.

2867 1916 52 19 VIE
2937 1917 142 20 Bruxelloise
3133 1927 28 6 —
3213 1928 28 4 —
3295 1927 28 4 —

2904 1962 21 18 A
2941 1962 228 20 L'ASSOCIATION
3186 1962 171 20 GENERALE

2888 1987 60 21 DES
2964 1987 175 20 ETUDIANTS
3155 1987 214 20 ARCHITECTES

2894 2012 44 19 DE
2954 2012 126 20 L'ECOLE
3097 2013 57 19 DES
3169 2012 195 20 BEAUX-ARTS

2893 2037 173 19 L'Association
3095 2037 39 19 des
3163 2037 127 20 Etudiants
3311 2038 71 19 Archi-

2867 2062 74 19 tectes
2973 2063 41 18 des
3046 2063 89 19 Beaux-
3136 2063 56 18 Arts
3216 2064 29 18 de
3271 2062 120 20 Bruxelles

2867 2087 108 23 organise
2993 2087 20 20 le
3029 2087 26 19 20
3070 2087 98 24 janvier,
3183 2088 16 20 à
3214 2088 25 19 21
3255 2088 91 22 heures,
3361 2092 30 14 en

2866 2112 23 19 la
2902 2112 59 20 salle
2975 2112 29 19 de
3019 2113 24 19 la
3057 2113 121 20 Brasserie
3193 2112 136 22 Flamande,
3345 2117 45 14 une

2865 2136 75 20 soirée
2957 2138 115 19 dansante
3088 2142 30 15 au
3134 2138 73 23 profit
3223 2138 27 18 de
3265 2142 39 15 ses
3319 2138 64 18 Bour-

2864 2167 39 14 ses
2920 2161 109 20 d'études.
3045 2162 126 20 Orchestre
3182 2167 5 14 :
3203 2163 90 22 Andy's
3306 2162 85 20 Cotton

2867 2187 63 19 Club.
2951 2187 158 22 Nombreuses
3128 2187 148 20 attractions.

2950 2238 130 20 GRANDE
3095 2239 103 19 FANCY
3208 2239 77 19 FAIR

3006 2264 44 19 DE
3067 2264 185 19 BRUXELLES

2892 2288 34 21 La
2945 2289 94 19 Grande
3059 2289 146 23 P'ancy-Fair
3223 2291 28 19 de
3271 2289 120 20 Bruxelles

2867 2318 59 16 aura
2945 2314 46 19 lieu
3012 2314 33 19 les
3064 2314 32 22 26,
3116 2314 25 19 27
3161 2316 25 17 et
3204 2315 26 19 28
3248 2315 93 24 Janvier
3359 2320 32 14 au

2867 2338 129 20 Résidence
3016 2339 93 22 Palace,
3128 2339 44 23 155,
3193 2344 41 15 rue
3254 2340 28 19 de
3302 2342 23 19 la
3344 2340 48 19 Loi.

2866 2368 55 14 sous
2936 2365 23 18 la
2972 2363 137 25 prês-dence
3123 2364 28 20 de
3165 2366 22 19 la
3201 2367 114 19 comtesse
3329 2364 61 20 John

2868 2388 177 20 d'Oultremont.

2893 2413 34 20 La
2945 2414 118 23 princesse
3080 2413 121 24 Napoléon
3220 2419 29 16 en
3268 2415 51 18 fera
3338 2420 8 15 i
3352 2419 29 15 ou-

2866 2439 95 18 verture
2994 2440 21 18 le
3046 2438 113 20 vendredi
3190 2439 26 19 26
3247 2439 99 24 janvier,
3376 2444 14 13 n

2866 2463 26 19 14
2907 2463 22 22 h.
2944 2463 32 20 30.

2925 2515 22 19 A
2966 2516 169 19 LTNSTITUT
3154 2516 180 20 SUPERIEUR

3006 2542 42 19 DE
3070 2542 176 21 COMMERCE

2888 2577 34 20 La
2939 2578 172 23 proclamation
3131 2578 40 19 des
3190 2578 81 20 succès
3291 2579 99 19 obtenus

2863 2607 44 18 par
2928 2603 34 18 les
2984 2601 76 22 élèves
3081 2603 29 19 de
3132 2604 114 19 l'InsUtut
3268 2603 123 24 supérieur

2862 2627 28 19 de
2910 2632 130 15 commerce
3062 2633 27 14 ne
3110 2628 128 22 Bruxelles,
3259 2633 15 14 a
3293 2633 29 15 eu
3343 2629 46 18 lieu

2864 2657 56 14 sous
2935 2652 24 19 la
2975 2652 135 24 présidence
3128 2653 28 19 de
3174 2654 30 18 M.
3221 2653 170 22 Vlaeramlnck,

2862 2676 118 21 directeur
3010 2677 95 24 général
3138 2679 28 18 de
3197 2678 193 23 l'enseignement

2863 2702 132 24 technique,
3022 2703 147 23 remplaçant
3195 2702 112 20 l'échevin
3334 2703 45 20 Cat-

2863 2727 61 22 teau,
2939 2726 117 24 empêché.
3071 2729 20 18 A
3101 2732 39 15 ses
3154 2727 64 22 côtés
3232 2728 94 19 avaient
3341 2728 49 24 pris

2861 2752 66 23 place
2950 2752 56 19 MM.
3028 2752 88 24 Henry,
3139 2752 120 24 président
3281 2753 31 19 du
3333 2754 55 23 jury

2863 2777 40 19 des
2925 2781 120 18 examens;
3067 2777 87 19 Hanon
3174 2778 28 19 de
3225 2778 94 22 Louvet,
3342 2778 37 18 ins-

2864 2802 95 22 pecteur
2983 2802 129 23 provincial
3134 2803 25 18 et
3180 2802 116 24 plusieurs
3320 2802 70 19 hauts

2861 2826 191 24 fonctionneirea,
3067 2827 115 19 membret
3200 2828 30 18 du
3247 2828 61 23 jury.

2886 2851 76 22 Après
2990 2851 66 20 avoir
3084 2851 74 21 rendu
3187 2852 125 23 hommage
3342 2856 46 15 aux

2858 2876 147 22 jrofesseurs
3017 2878 23 17 et
3050 2876 77 20 élèves
3136 2876 118 19 mobilisés
3266 2877 41 19 des
3319 2881 69 15 cours

2861 2901 28 18 de
2911 2901 93 22 licence,
3026 2902 30 18 M.
3077 2901 123 21 Matsaert,
3222 2901 117 19 directeur
3360 2901 29 19 de

2862 2925 113 19 l'Institut
3000 2925 90 20 félicita
3114 2926 34 19 les
3171 2929 123 17 nouveaux
3318 2926 62 24 diplô-

2861 2949 50 20 més
2932 2952 23 17 et
2978 2951 102 23 exprima
3099 2950 24 19 la
3143 2951 195 19 reconnaissance
3360 2952 28 18 de

2862 2975 78 19 l'école
2952 2975 16 19 à
2979 2976 56 18 MM.
3048 2976 107 22 Catteau,
3167 2976 82 23 Henry
3261 2977 25 20 et
3297 2976 93 20 Vlaem-

2862 3000 85 20 minck.
2962 3000 32 19 Ce
3009 3000 94 19 dernier
3117 3001 91 21 reporta
3224 3005 41 16 sur
3280 3001 21 19 le
3316 3001 64 19 direc-

2862 3025 53 19 teur
2935 3025 117 19 Matsaert
3072 3027 24 17 et
3116 3030 42 15 son
3178 3025 97 23 adjoint,
3296 3026 32 18 M.
3347 3026 33 18 Le-

2863 3054 63 17 roux,
2947 3051 52 17 tout
3018 3050 22 19 le
3061 3049 83 20 mérite
3164 3050 41 19 îles
3225 3050 108 19 brillants
3355 3050 25 19 ré-

2862 3074 86 21 sultats
2959 3075 39 23 qui
3009 3075 42 18 ont
3062 3075 54 19 valu
3127 3075 21 18 le
3160 3080 80 14 renom
3252 3076 28 18 de
3292 3076 37 18 cet
3341 3074 39 20 éta-

2862 3099 138 19 blissement
3021 3098 129 25 supérieur.

3073 3124 105 18 -4>mœ-

2873 3156 48 45 LA
2940 3152 166 49 JOURNÉE
3125 3156 48 45 DE
3192 3156 185 46 VENDREDI

3025 3247 205 20 EXPOSITIONS

2887 3285 23 5 —
2922 3276 56 19 Palais
2990 3277 29 17 do
3034 3277 104 18 Bpaux-.\rts
3158 3276 77 18 Folklore
3248 3279 17 15 et
3279 3276 112 21 saî'rODomie

2867 3298 90 20 (ju5<|u'au
2972 3299 21 17 21
3007 3298 82 19 ia:.vierj.

2888 3327 19 5 —
2923 3318 54 19 Palau
2999 3319 29 16 des
3051 3319 63 16 Beaux-
3116 3319 45 16 Arts.
3184 3318 99 20 Expositioo
3306 3318 82 17 Conatani

2866 3340 80 17 Fermeté
2964 3340 90 19 (ju.-«u'au
3071 3341 21 16 25
3111 3339 80 18 janvier).

2886 3369 24 3 —
2922 3360 55 17 Palais
2990 3360 29 17 des
3034 3360 104 17 Beaux-Arts
3154 3360 47 20 (niea
3216 3358 64 22 Rojrale
3293 3363 17 15 et
3325 3359 59 19 Raven-

2864 3380 62 20 stein).
2939 3381 47 17 «Un
2997 3381 51 18 siècle
3060 3382 22 17 de
3094 3381 88 20 sculpture
3196 3381 100 21 française»
3311 3380 80 22 (jusqu'à

2865 3401 25 19 f:*n
2904 3402 62 18 mars).

2886 3431 24 4 —
2921 3422 57 17 Pelais
2994 3423 31 18 des
3043 3422 105 18 Beaux-.Arts
3168 3422 40 19 (rue
3226 3422 83 21 Royale).
3328 3421 63 18 Racbel

2865 3442 43 19 Ba^
2925 3443 89 20 (jusqu'au
3029 3445 10 16 7
3056 3442 79 22 lé-rier).

2888 3471 21 5 —
2923 3463 66 19 Galène
3007 3465 29 17 des
3055 3463 75 21 Carmes.
3148 3464 18 19 9,
3184 3468 30 14 nie
3231 3464 30 18 des
3280 3464 54 18 Petits
3351 3463 34 18 Car-

2864 3488 35 13 mes
2919 3484 79 18 Floralies
3012 3485 89 20 jusqu'au
3114 3486 22 16 22
3147 3485 84 20 janvier).

2886 3513 23 4 —
2921 3505 25 17 La
2965 3506 55 17 Petite
3038 3504 72 20 Galerie.
3128 3507 17 19 3,
3163 3511 65 13 avenue
3245 3505 68 18 Louise.
3331 3504 59 18 Albert

2866 3525 78 18 Geudc-ns
2963 3526 90 21 (jusqu'au
3071 3528 28 15 1er
3115 3526 78 18 février,.

2886 3555 23 4 —
2922 3547 120 20 Bibliothèque
3064 3547 71 20 Royale,
3159 3547 90 17 Ensemble
3270 3546 121 18 d'eatix-fortes

2863 3566 22 18 de
2905 3568 110 17 Rembnadt.
3034 3568 63 18 Entrée
3117 3568 73 22 gratuit*
3210 3569 30 18 (de
3261 3569 20 17 10
3300 3569 12 17 i
3333 3569 21 17 12
3372 3568 19 19 b.

2862 3590 20 15 et
2892 3588 22 17 de
2928 3590 19 16 14
2961 3589 11 17 â
2986 3589 21 17 17
3019 3589 26 19 h.;
3061 3590 15 17 le
3087 3589 97 20 dimanche,
3196 3589 21 18 de
3231 3590 21 16 10
3265 3590 11 17 à
3292 3590 19 17 13
3325 3589 28 18 b.)

2886 3617 24 5 —
2923 3609 66 17 Galerie
3001 3610 22 17 de
3037 3609 18 17 la
3068 3610 62 17 Toison
3144 3609 48 20 d'Or,
3207 3615 65 12 avenue
3285 3610 21 17 de
3321 3609 17 17 la
3352 3609 32 17 Toi-

2863 3634 31 12 son
2909 3630 49 19 d'Or,
2976 3632 27 16 13.
3019 3630 50 18 Sa'on
3085 3630 22 17 de
3123 3631 86 20 peintures
3224 3633 18 15 ct
3257 3631 22 18 de
3295 3630 95 20 sculptures

2864 3650 43 18 «La
2920 3651 69 17 Femme
3001 3654 17 14 et
3032 3651 17 18 ia
3062 3651 68 18 Fleurs
3146 3651 89 21 (jusqu'au
3251 3653 20 15 19
3284 3651 84 20 janvier).

2886 3680 24 4 —
2922 3672 60 18 Mtifée
2996 3672 49 18 d'Art
3061 3672 87 20 Moderne,
3166 3673 15 19 î,
3196 3677 28 12 rue
3238 3673 23 17 du
3277 3671 60 18 Mu?ée
3359 3672 32 17 Ex-

2865 3692 74 20 pesititn
2961 3693 23 18 du
3006 3692 32 18 clic
3040 3693 25 17 i-d
3067 3693 62 18 'œuvre
3150 3693 23 17 de
3195 3693 16 18 la
3232 3693 76 17 semaine
3318 3699 6 13 :
3348 3698 11 12 «
3366 3693 25 16 1-a

2865 3713 63 18 Chasse
2944 3713 66 18 d'Ei;ce
3017 3719 16 15 »,
3051 3714 22 18 de
3089 3713 65 18 Claude
3171 3713 70 18 L-_*rra:n
3261 3714 90 20 (jusqu'au
3370 3714 21 16 1^

2863 3733 85 20 J2Dviei).

2886 3763 24 5 —
2922 3755 51 17 Hôtel
2989 3755 30 17 des
3035 3755 90 20 Invalides,
3142 3760 29 12 rue
3188 3755 62 20 Joseph
3266 3754 25 23 II,
3309 3757 32 16 S6a
3350 3761 7 12 ;
3375 3755 16 17 le

2864 3780 71 15 graveur
2951 3780 30 14 s'jr
2998 3775 49 22 laque
3066 3776 96 17 Chrlstiane
3181 3776 56 18 1-aude
3254 3779 18 15 et
3291 3777 16 17 le
3324 3776 66 20 peintre

2865 3795 98 19 Rousseaux
2980 3797 30 18 (de
3027 3798 21 17 10
3064 3797 12 18 â
3094 3798 22 17 J8
3131 3798 24 20 h.,
3171 3797 81 20 jusqu'au
3269 3797 22 17 24
3306 3797 83 21 janvier).

2865 3817 62 18 Entrée
2943 3817 47 18 libre.

2886 3846 25 5 —
2922 3837 45 18 Club
2979 3840 29 18 33,
3020 3838 92 18 boulevard
3123 3837 23 18 du
3161 3838 71 20 Régent,
3247 3839 27 16 23.
3287 3838 24 18 Le
3324 3838 66 20 peintre

2865 3858 46 18 Léon
2924 3860 26 16 De
2963 3859 68 18 Mulder
3045 3859 29 18 (de
3088 3861 20 16 10
3121 3859 11 18 à
3146 3859 21 16 12
3180 3858 24 22 h.,
3215 3860 40 16 sauf
3267 3859 15 17 le
3294 3858 96 21 dimanche,

2864 3879 81 20 jusqu'au
2961 3881 21 16 25
2997 3880 84 20 janvier).

2886 3909 25 4 —
2923 3900 67 17 Maison
3003 3902 30 16 des
3046 3900 51 20 Ailes,
3111 3905 65 12 avenue
3189 3900 29 17 des
3232 3900 45 20 Arts,
3293 3901 28 17 52.
3335 3901 49 19 Expo-

2863 3920 53 17 sition
2931 3921 84 19 d'ouvrés
3029 3921 86 17 d'artistes
3131 3920 85 18 mobilio-és
3231 3921 23 18 du
3271 3923 21 15 3e
3309 3921 81 19 résî-Jient

2864 3941 152 21 d'.*\éronautique.
3032 3941 62 18 Entrée
3108 3942 42 17 libre
3166 3942 89 20 (jusqu'au
3271 3943 22 16 28
3307 3941 83 22 JwiWJ.

2887 3970 23 4 —
2924 3962 55 17 Palais
2989 3963 31 16 des
3034 3963 109 17 Beaux-Arts.
3156 3962 99 21 Exposition
3268 3963 45 17 d'art
3325 3962 65 17 chmoîs

2868 3983 90 21 (jusqu'au
2974 3985 19 16 15
3008 3983 79 20 février).

2721 4240 45 21 31*4

2795 4240 19 16 31

2723 4261 21 14 ->2

2794 4261 23 15 52

2722 4282 22 14 e*

2793 4282 23 15 36
2819 4282 17 17 ii

2721 4301 22 16 H
2746 4301 17 19 H

2792 4303 44 16 51*4

2723 4323 19 14 16
2747 4323 15 16 a,

2794 4323 21 15 16
2818 4322 17 18 ï»

2722 4342 42 17 20-,

2793 4343 23 16 20
2819 4344 17 17 >i

2721 4362 41 19 n-,

2793 4363 42 18 19%

2724 4383 39 18 13',

2793 4384 43 17 13H

2721 4404 21 14 10
2747 4403 16 19 K

2792 4404 44 18 43%

2720 4423 42 19 «4»

2792 4425 22 15 44
2818 4424 17 17 S

2721 4444 21 14 07
2747 4446 16 16 *i,

2793 4444 42 18 37,5

2720 4465 43 17 •J5\

2793 4465 43 18 57%

3071 4045 115 20 DIVERS

2885 4084 25 7 ■—
2922 4077 20 17 14
2958 4076 18 19 h,
2993 4077 27 19 15.
3035 4076 62 17 Œuvre
3111 4076 86 18 oaticnale
3211 4076 22 18 de
3247 4076 69 18 défense
3330 4079 58 15 contre

2862 4096 18 19 la
2893 4097 112 18 tuberculose.
3019 4097 63 18 Séance
3094 4097 115 18 d'ouverture.
3225 4098 77 18 Baronne
3316 4098 42 17 Bcël
3371 4100 17 14 et

2863 4117 16 19 le
2892 4118 25 18 Dr
2929 4118 51 18 Sand.

2887 4140 21 16 14
2921 4140 18 16 h.
2952 4139 29 18 30.
2994 4138 25 18 La
3031 4138 64 17 Bourse
3107 4143 33 12 aux
3152 4138 46 18 cuirs
3210 4138 22 18 de
3246 4138 87 18 Bruielles
3345 4139 35 17 tien-

2862 4158 31 18 dra
2912 4164 31 13 son
2964 4159 92 17 Assemblée
3077 4160 77 19 générale
3173 4160 91 18 statutaire
3286 4161 11 16 à
3319 4159 70 18 l'Office

2862 4180 108 19 commercial
2989 4181 21 17 de
3030 4179 60 20 l'Etat.
3112 4181 27 20 15.
3159 4184 30 14 rue
3208 4180 30 18 des
3257 4181 100 19 Augustins.
3377 4181 11 16 à

2864 4201 92 17 EruxeKes.
2975 4201 61 17 Divers
3053 4204 79 16 rapports
3150 4207 13 14 y
3179 4203 59 15 seront
3256 4201 86 21 présentés
3359 4206 30 12 sur

2863 4221 16 16 la
2893 4221 83 18 situation
2990 4222 22 17 de
3027 4221 17 18 la
3059 4221 113 20 corporatitti,
3186 4224 19 14 et
3220 4221 16 18 le
3252 4222 92 20 président,
3360 4222 20 17 M

2863 4242 26 18 M.
2903 4242 60 20 Thîry.
2976 4248 13 14 y
3003 4246 36 13 lera
3052 4246 34 13 une
3099 4243 75 17 causerie
3188 4247 30 12 sur
3231 4243 17 17 U
3259 4243 94 17 neutralité
3366 4243 21 17 de

2862 4262 17 18 la
2893 4262 81 21 Belgique
2987 4267 40 14 sous
3040 4262 62 20 l'angle
3114 4263 22 17 de
3149 4263 18 16 la
3180 4263 27 17 vie
3221 4264 118 20 économique.

2883 4291 25 6 —
2921 4285 20 16 14
2953 4283 11 17 h
2984 4285 28 17 30,
3024 4284 67 17 Service
3102 4283 61 20 Social,
3176 4285 39 17 111,
3227 4289 31 13 rue
3268 4284 22 18 de
3302 4285 17 17 la
3331 4285 56 17 Poste.

2862 4303 96 18 Assistance
2972 4303 83 21 publique
3069 4309 31 15 par
3114 4304 43 18 Mlle
3173 4304 27 18 De
3215 4305 113 20 Myttetuere.

2883 4332 25 6 «-—
2921 4325 20 17 16
2955 4325 25 19 h-
2993 4324 53 18 L'Art
3060 4324 58 21 Belge,
3130 4330 66 13 avenue
3211 4325 67 20 Louise,
3292 4327 29 16 62.
3336 4325 43 18 Inau-

2862 4344 78 20 guration
2961 4346 23 17 du
3006 4350 11 12 «
3025 4343 52 24 Cycle
3098 4345 30 18 des
3150 4346 72 17 Maîtres
3245 4346 58 20 Beiges
3310 4351 17 13 >.
3349 4346 36 18 Vnc

2862 4365 81 17 séîectkm
2967 4365 84 17 d'teuvres
3073 4366 31 17 des
3129 4366 74 20 peintres
3227 4366 59 19 Alfred
3311 4367 39 17 Bast
3353 4367 26 16 ien

2862 4386 46 17 Anto
2924 4386 57 18 Carte,
2997 4387 60 17 Alfred
3072 4386 100 20 Delaunoi»,
3189 4386 46 18 Léon
3254 4387 62 20 Devos,
3333 4387 52 17 Henr.

2863 4406 86 21 Logelain,
2967 4407 55 17 Pierre
3038 4407 64 17 Paulus
3118 4411 17 14 et
3152 4407 74 20 Georges
3241 4408 37 18 Van
3295 4408 92 17 Zevuiber-

2862 4426 50 21 ghen,
2930 4427 71 18 formera
3019 4426 97 21 r«M!wMc
3131 4429 24 17 du
3173 4428 50 18 Salon
3241 4429 30 20 qui
3288 4433 37 13 sera
3341 4433 38 13 com-

2863 4448 46 19 plété
2922 4452 31 15 par
2966 4447 84 21 quelques
3061 4448 97 20 sculptures
3171 4449 22 17 de
3208 4449 73 20 Georges
3296 4449 60 19 Minne
3370 4451 17 15 et

2863 4468 66 18 Afcéric
2945 4468 56 18 Colin.

2884 4497 24 4 —
2921 4489 20 17 17
2953 4489 18 17 h.
2984 4489 26 20 IS,
3022 4489 51 18 Ecole
3083 4495 84 15 moyenne
3177 4489 22 19 A.
3210 4495 30 12 rue
3251 4490 61 17 Eroe-st
3323 4490 63 20 Allard,

2862 4510 30 17 49.
2905 4509 27 18 M.
2946 4510 21 17 E.
2981 4509 70 20 UuydtA
3059 4516 6 13 :
3082 4523 9 5 .
3099 4510 31 18 Les
3143 4510 67 22 Crames
3224 4511 19 17 de
3257 4511 115 20 Shakespeare
3381 4515 5 12 :

2863 4529 69 18 Othello
2938 4535 17 12 ».

2885 4559 24 4 —
2920 4551 22 17 20
2957 4551 18 17 h.
2991 4552 29 18 30,
3035 4550 77 18 Tribune
3128 4551 89 21 Poétique,
3233 4553 17 20 7,
3266 4557 31 14 rue
3311 4553 21 18 de
3348 4552 39 18 Rol-

2864 4571 59 18 îebeek
2938 4571 67 20 (Grand
3018 4572 80 18 S:blon).
3112 4572 27 17 M.
3154 4572 62 17 .\drien
3231 4567 41 26 jans
3286 4572 66 22 parlera
3364 4573 24 17 du

2863 4594 56 15 comte
2932 4592 23 17 de
2969 4592 128 20 Lautréamont,
3113 4592 15 18 le
3143 4593 50 20 poète
3208 4593 70 21 étrange
3291 4598 20 14 e*
3326 4594 56 20 mysté-

2865 4613 52 20 rieux,
2928 4613 87 18 considéré
3026 4618 66 14 comme
3104 4614 15 17 le
3131 4614 99 20 précurseur
3241 4614 24 19 du
3276 4614 113 18 surréalisme.

3410 289 71 60 Les
3494 288 188 60 Théâtres
3697 286 24 58 à
3737 284 175 67 Bruxelles

3432 388 119 15 MdWAIK.
3564 394 23 4 —
3599 385 26 16 Ce
3637 383 94 20 vendredi,
3743 382 13 16 *k
3767 382 23 15 20
3801 382 70 21 heures,
3881 385 29 19 ft»

3408 410 60 17 xlèm«
3482 412 19 12 r*
3503 407 128 19 présentation
3644 406 25 15 du
3683 409 10 10 «
3708 404 40 16 Bon
3763 404 35 15 Rot
3812 402 85 21 Dagoben
3903 405 7 17 i

3408 435 46 12 «.vee
3470 430 60 16 Mmes
3546 429 23 15 D.
3587 427 71 18 Br*gis.
3675 427 19 17 S.
3709 426 23 15 de
3749 425 70 16 Gavre;
3834 424 42 20 MM.
3888 428 22 18 fc.

3410 452 122 20 patchevsky,
3553 450 82 16 Andrlen
3656 449 19 15 et
3697 447 66 17 Rodia.
3785 454 23 4 —
3828 446 66 20 Samedi

3409 476 10 13 «
3432 474 82 15 Boecace
3527 476 17 13 >.
3556 478 24 5 —
3592 470 103 16 D'manehe
3708 472 22 12 en
3743 466 87 22 natta**,
3843 467 11 15 *
3865 469 19 16 15
3893 471 17 20 fcj

3410 498 9 10 <
3438 493 78 16 Mireille
3534 496 17 14 >.
3569 499 25 5 —
3613 491 69 15 Lundi:
3703 493 10 11 «
3732 489 28 15 La
3777 488 109 18 Daran-atloo
3897 493 14 18 %

3410 514 58 18 Faust
3481 518 16 11 »■
3512 521 24 5 —
3550 512 70 16 Mardi;
3636 515 9 10 «
3659 511 41 15 Don
3714 509 98 18 Quichotte
3825 512 9 10 »
3848 510 17 14 et
3876 514 9 11 *
3893 510 19 14 m

3410 536 57 14 Bnsrf.1
3469 535 52 15 raW«
3538 538 16 11 ».
3572 541 23 4 —
3611 531 99 17 Mercredi:
3728 534 10 10 «
3756 530 35 15 I**s
3810 528 78 19 Dragons
3897 534 13 18 fc

3410 555 69 16 Vin-in
3497 559 17 11 ».
3531 562 24 4 —
3572 553 64 16 Jeudi:
3655 556 10 10 <
3683 551 78 16 Mireille
3779 554 17 11 >.

3432 576 71 16 PARC.
3516 582 24 5 —
3553 573 99 17 Vendredi,
3666 571 78 21 samedi,
3757 571 96 15 dlm.inche
3866 572 44 21 (m^

3409 597 34 15 née
3457 597 19 15 et
3489 594 69 19 rotfé*)
3580 594 93 16 derntèrea
3686 593 33 16 des
3732 596 10 10 «
3755 590 45 18 PfcM
3813 591 58 16 beaux
3880 586 30 30 m|

3410 617 24 15 du
3450 617 66 17 monde
3531 620 17 13 >,
3566 618 47 13 avec
3629 614 44 16 Mlle
3688 613 74 16 Marthe
3779 611 77 18 Dugard
3869 614 16 15 tt
3894 609 16 26 £

3411 637 61 16 Andrô
3487 637 75 15 Bercer.

3433 657 60 16 Lundi
3513 657 29 19 22,
3563 660 22 12 en
3607 655 60 16 soirée
3687 653 51 19 cy<2e
3758 652 98 21 claaslque,
3873 657 10 13 «
3895 656 14 20 ^

3411 678 77 16 Barhler
3504 678 24 15 d<>
3545 676 67 16 SAV.lle
3629 680 18 13 ».

3433 698 61 15 Mardi
3512 698 28 16 23.
3560 697 82 16 matinée
3660 694 98 17 littéraire.
3777 698 9 10 «
3804 693 25 15 M.
3847 694 18 15 et
3879 695 29 21 V**-,

3410 719 28 15 Vn
3451 719 32 15 Tel
3497 722 15 16 »,
3524 721 46 12 avec
3583 717 42 16 Mlle
3638 717 68 15 Berth-a
3718 715 72 18 Angely
3802 716 19 14 et
3832 714 25 16 M.
3868 717 40 21 Aj*j

3410 740 75 16 Gobcrt.

3433 759 127 17 GALKRIES.
3579 765 24 5 —
3619 758 26 16 Ce
3660 757 40 16 soir
3721 756 14 16 A
3750 756 22 15 20
3788 755 19 16 h.
3825 754 28 17 30.
3869 759 39 18 rtç*

3410 781 94 15 rentatlon
3522 780 23 15 de
3563 779 19 15 la
3599 779 71 15 célèbre
3689 777 81 16 comédie
3788 776 42 18 gale
3847 776 21 16 de
3882 778 26 21 Jt-*,

3411 802 21 14 de
3450 800 68 15 Letrax
3536 804 9 10 «
3565 800 69 14 Bichon
3652 803 10 9 >
3681 801 45 12 avec
3743 797 54 15 P1err
3796 802 10 12 e
3824 796 82 21 Etchep»

3410 821 84 16 titulaire
3512 820 26 16 du
3557 820 44 15 rtle.

3432 841 26 15 la*
3471 840 80 17 ThéAtre
3566 840 32 15 des
3611 839 83 16 Galeries
3709 838 56 19 garde
3779 838 32 15 des
3824 838 83 24 tra-îfti*-^

3410 862 69 16 donner
3494 862 24 15 du
3535 861 74 15 théâtre
3625 860 37 18 gai.
3680 859 121 16 divertissant
3817 859 18 14 et
3849 859 21 16 de
3882 864 25 17 -^

3410 882 39 18 lit*.

3433 903 74 16 Samedi
3521 902 23 16 20
3557 903 17 14 et
3588 901 50 18 Jeudi
3652 901 28 16 23.
3696 901 91 15 matinées
3800 901 92 17 clflasiqnei
3898 906 9 17 |

3411 924 101 15 littéraires
3528 922 51 16 Orne
3592 923 25 14 du
3632 921 60 18 cycle»
3708 923 45 13 avec
3768 924 9 10 «
3793 919 25 18 Le
3834 920 58 18 CViHr,
3899 928 7 14 ^

3410 945 17 14 U-
3442 944 136 16 chef-d'œuvre
3593 942 80 16 d'Em'.e
3690 941 104 15 Vert-aeren

3433 963 162 17 BEAt'X-AKTî*.
3607 970 23 4 —
3642 962 74 15 Samedi
3729 962 22 15 20
3764 961 78 19 janvier,
3853 963 55 21 mat^

3410 985 92 15 littéraire
3516 988 10 10 «
3540 984 16 15 Il
3569 987 23 12 ne
3609 984 41 14 faut
3665 983 52 17 jurer
3730 982 21 15 do
3766 982 38 14 rien
3818 985 9 10 »
3842 981 18 15 et
3871 986 10 11 c
3888 985 20 17 «^

3410 1006 51 18 priée
3477 1009 10 10 »
3506 1004 86 17 d'Alfred
3609 1004 22 15 de
3648 1003 77 16 Muaset.
3744 1002 27 15 La
3788 1001 119 23 représentât^

3411 1029 105 13 commence
3531 1025 13 15 i
3560 1025 20 15 14
3596 1025 18 15 h.
3631 1024 23 15 30
3670 1023 85 18 précises.
3773 1022 108 18 Réduction!
3891 1030 15 13 »

3411 1047 97 18 portantes
3527 1049 38 12 aux
3583 1045 120 16 Proferseura
3722 1046 17 15 et
3759 1043 72 15 Elèves.

3433 1066 144 17 ALriAMBRA.
3591 1073 23 4 —
3626 1065 80 15 Demain
3718 1063 79 19 samedi,
3810 1064 80 17 premier»
3896 1060 11 20 I

3411 1088 18 15 In
3444 1087 48 16 belle
3505 1086 82 19 opérette
3602 1086 12 15 à
3629 1086 58 17 grand
3701 1084 94 19 spectacle
3809 1088 10 10 <
3834 1084 24 15 Le
3870 1085 37 21 Chu

3412 1108 25 16 du
3459 1108 66 15 Désert
3534 1111 9 10 »
3564 1107 22 15 de
3607 1106 99 17 Romberg.
3726 1108 31 14 qui
3778 1108 43 12 s-ra
3841 1105 66 21 préac«fe

3411 1132 45 12 avec
3477 1131 36 12 une
3533 1128 11 15 d
3547 1128 22 14 lut
3572 1128 14 14 ri
3588 1127 33 15 but
3623 1127 29 15 Ion
3674 1125 144 19 exceptionnelle
3838 1126 68 21 d'artl^

3411 1149 59 15 almta
3489 1149 25 14 du
3533 1148 61 17 publie
3613 1148 18 15 et
3650 1147 31 18 qui
3699 1146 73 16 servira
3791 1146 22 15 de
3832 1147 62 18 rentré*
3900 1150 6 17 t

3412 1168 104 17 rexwïlent
3532 1169 79 17 baryton
3628 1167 62 16 André
3705 1167 73 15 Ooavec
3794 1166 31 18 qui
3840 1161 67 26 ]ouertj

3412 1190 38 15 rôle
3462 1190 23 15 de
3498 1193 9 10 «
3520 1189 54 16 Jack,
3588 1188 82 16 l'Omhre
3684 1188 63 17 Rouge
3761 1191 9 10 »
3782 1186 24 16 où
3820 1187 12 15 11
3844 1188 27 15 est
3879 1192 27 14 m*.

3412 1211 50 14 ment
3479 1209 135 18 remarquable.
3632 1208 98 18 Signalons
3745 1211 35 13 que
3796 1208 17 16 le
3827 1208 62 17 servies
3897 1212 9 16 fc

3412 1230 89 18 première
3515 1230 44 15 daté
3572 1229 25 16 du
3611 1229 21 15 lfi
3645 1229 27 15 est
3688 1228 74 15 valable
3775 1231 47 15 pour
3833 1228 45 17 cette

3412 1251 62 15 nilére.
3495 1250 102 15 Dimanche
3615 1249 90 18 première
3723 1249 87 15 matinée.

3435 1271 82 15 «AITE.
3535 1278 23 3 —
3576 1270 27 16 On
3621 1273 83 12 annonce
3721 1270 27 14 les
3765 1268 92 16 dernières
3872 1273 33 15 «*at

3413 1293 39 14 sent
3455 1292 61 15 allons
3534 1291 23 16 de
3573 1291 20 15 la
3609 1291 78 17 superbe
3705 1292 54 16 lWO«
3777 1293 9 10 «
3807 1289 99 22 Mobilisa*,

3412 1311 19 17 la
3447 1311 54 16 Gaité
3518 1315 16 13 »,
3552 1310 164 19 Impeccablement
3733 1309 111 18 Interprétée
3858 1314 29 14 par
3894 1313 12 18 h

3413 1333 67 17 Joveux
3502 1332 93 17 comiques
3619 1332 68 15 Esthcr
3707 1330 94 19 Deltenre,
3823 1331 65 17 Rlttcbi
3899 1338 7 12 (

3413 1352 92 19 Pestent,
3526 1353 32 15 Jef
3576 1352 66 18 Miller,
3662 1352 17 15 le
3698 1351 114 17 fantaisiste,
3832 1349 36 19 Léa
3880 1352 26 19 L»

3413 1374 32 17 rel.
3462 1373 16 16 !e
3495 1374 91 15 chanteur
3603 1373 18 15 M
3624 1373 86 15 unisson,
3729 1373 35 17 etc.

3435 1394 104 15 Dimanche
3560 1393 12 16 à
3589 1393 21 16 15
3625 1393 27 20 h.,
3668 1392 83 17 dernière
3765 1391 86 16 matinée.

3436 1415 32 15 VA
3471 1415 50 16 ITOE
3522 1414 79 17 VILLE.
3618 1422 23 4 —
3656 1413 28 16 La
3700 1416 55 13 revue
3773 1417 9 9 «
3798 1412 76 19 Quelque
3885 1417 22 16 m

3412 1438 25 13 au
3456 1435 83 18 Passage
3555 1439 9 9 »
3582 1435 84 18 poursuit
3684 1434 120 17 allègrement
3821 1436 23 13 sa
3860 1437 46 15 mr--,

3413 1459 42 13 vers
3477 1456 17 15 la
3515 1456 90 15 centième
3626 1454 154 19 représentation.
3803 1454 77 17 Oustavs
3892 1456 14 17 U

3413 1477 47 15 beau
3477 1477 18 14 ct
3511 1476 70 15 Marcel
3597 1475 55 16 Roels
3667 1475 42 15 sont
3726 1475 19 15 la
3760 1474 36 18 joie
3811 1474 23 15 de
3848 1478 18 13 ee
3878 1479 27 16 tp-g

3413 1497 54 15 t,icle.
3483 1496 49 16 Leur
3546 1499 55 12 verve
3615 1497 18 14 et
3647 1496 41 15 leur
3701 1495 98 15 bonhonre
3813 1495 92 19 contribaat

3413 1520 44 15 poer
3471 1520 35 12 une
3520 1517 60 15 bonne
3594 1517 48 17 p-irt.
3659 1519 24 12 au
3696 1515 66 16 succès
3776 1515 24 15 du
3813 1516 84 18 spectacle.

3435 1537 118 16 MOLIERE.
3572 1545 18 3 —
3602 1537 25 15 Ce
3640 1536 38 16 soir
3690 1536 89 18 première
3792 1531 114 25 représentât^

3413 1559 24 14 du
3454 1562 42 13 gros
3512 1556 65 18 meeèa
3594 1557 81 18 parisien
3693 1561 9 5 -*
3719 1557 31 15 Ma
3767 1557 53 15 Sœur
3836 1558 18 14 et
3869 1558 25 16 XTci

3413 1582 45 12 avec
3474 1578 17 16 le
3508 1578 85 16 créateur
3610 1578 62 17 Pierre
3689 1578 86 17 Stephen,
3792 1577 78 18 8e.li.lot,
3883 1579 20 16 Ce

3413 1599 61 16 malne
3489 1599 74 19 Duclos.
3576 1599 48 15 Jsan
3638 1599 98 20 Schouten,
3751 1597 72 16 flaston
3835 1597 58 19 Variés
3898 1602 8 15 g

3413 1619 78 17 M-reillo
3509 1619 58 17 Yvon.

3437 1640 77 15 Demain
3526 1640 72 15 samedi
3610 1640 19 15 et
3641 1639 103 17 dimanche,
3758 1638 90 16 matinées
3857 1639 12 16 &
3877 1636 27 22 Ifj

3436 1660 115 16 THEATRE
3565 1660 128 16 FLAMAND.
3708 1667 24 4 —
3745 1659 24 16 Ce
3783 1659 89 21 vendredi,
3882 1662 21 15 rei

3412 1681 39 15 clie.
3464 1680 73 16 Sanisdi
3550 1681 28 18 20,
3590 1681 97 15 dimanche
3698 1680 21 16 21
3732 1681 18 14 et
3762 1679 50 16 1-ndl
3825 1679 21 15 22
3856 1681 47 18 tanTir

3413 1705 22 12 en
3448 1701 59 16 soirée
3520 1701 12 15 à
3547 1701 21 15 20
3581 1701 25 17 h.,
3621 1701 48 15 ainsi
3681 1704 36 15 que
3731 1700 16 16 le
3760 1700 95 17 dimanche
3865 1701 23 19 ti,
3895 1707 10 13 «

3413 1722 82 15 matiné-n
3509 1722 13 15 à.
3536 1720 21 18 15
3573 1722 18 17 h.
3605 1721 28 19 30,
3649 1721 157 18 représentation.";
3820 1721 43 18 de,<
3875 1723 31 17 Am

3413 1743 66 17 Paljas
3498 1747 16 14 -,
3535 1743 41 17 cinq
3596 1743 52 15 actes
3667 1743 23 15 de
3709 1742 60 15 Johan
3789 1741 81 17 Lematr«
3869 1757 5 6 t
3887 1746 18 15 rt

3414 1764 33 14 des
3469 1763 74 16 dramej
3567 1763 26 15 les
3616 1762 41 19 plus
3680 1762 105 18 populaires
3808 1763 18 16 et
3847 1761 25 18 hM
3886 1764 19 19 jd

3414 1784 109 15 émouvant*-*;
3536 1784 25 15 du
3573 1784 100 17 répertoire
3687 1782 88 18 mondial.
3788 1783 92 17 L'h'stolre
3887 1789 18 11 m

3414 1805 74 17 gnanto.
3507 1804 94 18 humaine,
3620 1804 25 15 dis
3663 1804 121 15 malheureux
3801 1802 55 17 clov.-n
3870 1806 23 17 «mi
3900 1809 5 14 |

3413 1828 47 15 pour
3475 1825 55 15 tlehe
3546 1826 22 14 cte
3584 1824 36 16 rire
3637 1826 18 14 et
3671 1825 23 15 de
3711 1825 48 15 faire
3777 1824 35 15 rire
3827 1828 31 12 son
3871 1818 34 25 paie

3414 1846 50 16 alors
3481 1845 45 19 qu'il
3545 1849 11 11 a
3574 1845 96 15 lui-même
3687 1844 17 17 le
3722 1848 51 12 cceur
3789 1844 48 16 briré
3853 1849 28 14 par
3890 1848 14 15 ft

3413 1866 86 16 douleur*
3515 1866 74 16 d'ordre
3604 1866 70 16 Intime.
3691 1865 91 17 Brillante
3797 1865 108 19 InterpréUUt

3413 1888 18 14 et
3449 1887 47 15 mise
3513 1890 22 12 en
3552 1887 53 15 scène
3623 1886 80 19 soignîe.

3436 1907 90 15 Men-redi
3539 1907 20 15 24
3572 1908 19 14 et
3605 1907 50 17 jeudi
3668 1906 22 16 25
3701 1906 79 18 janvier,
3795 1906 13 16 k
3819 1906 21 16 20
3850 1907 23 21 h.,
3880 1909 25 17 dn

3414 1930 42 15 ri-pr
3457 1928 72 14 tentât
3532 1927 39 15 ions
3582 1927 23 17 de
3617 1932 9 9 »
3638 1927 23 16 K.
3675 1927 19 15 Z.
3707 1927 24 15 2.'V
3741 1931 9 9 >
3763 1927 19 15 la
3793 1927 49 17 pièce
3852 1928 52 17 rootA

3414 1948 22 15 -fc
3457 1947 61 17 Fnu
3538 1948 89 15 Demsra-*-
3644 1948 45 15 dont
3710 1948 19 14 la
3750 1948 82 15 création
3851 1948 21 16 Ut

3413 1968 68 17 sr.Mon.

3437 1989 218 16 KOME«-BEIinrRE.
3672 1997 24 4 —
3714 1989 15 15 A
3746 1988 10 17 S
3773 1989 19 15 h.
3811 1989 76 17 premlèri
3895 1991 9 16 »

3415 2013 7 10 t
3439 2009 27 17 Ne
3480 2009 76 16 soldaat
3572 2010 69 15 londer
3655 2009 68 16 mokke
3738 2013 16 12 ».
3772 2009 57 18 grand
3845 2010 59 18 ipecttâ

3414 2029 110 16 ■l'actualité
3538 2033 45 12 avec
3597 2030 67 15 chants
3677 2031 19 15 et
3709 2030 68 15 danse?
3790 2030 23 15 de
3826 2030 50 17 Henri
3884 2031 19 17 Tr

3414 2050 64 17 Daele.
3499 2051 48 14 Avec
3565 2050 32 16 Jef
3613 2050 63 15 Orban
3694 2050 47 15 dans
3759 2050 16 16 le
3794 2050 37 15 rôle
3847 2044 55 25 titôtûi

3414 2070 51 16 Frits
3484 2071 116 17 VaercwIJck
3627 2071 47 15 Jane
3696 2070 70 19 Did'er.
3785 2071 47 15 Jane
3850 2072 52 17 Bente

3413 2091 57 16 K-irel
3487 2090 9 17 I
3495 2093 21 15 n
3515 2093 20 14 m
3534 2093 22 15 tr
3555 2094 16 16 a,
3590 2091 50 16 Jaak
3656 2091 92 19 Devopht.
3765 2090 85 18 UVetta
3863 2092 38 17 Ûrtu

3414 2111 15 16 L
3431 2112 3 7 :
3437 2112 54 16 l!ane.
3509 2111 20 16 O.
3547 2111 41 16 Van
3605 2112 22 15 de
3643 2112 55 16 Grer.
3714 2112 52 16 Jules
3781 2112 97 19 Oebrcehts.
3886 2114 15 16 I»

3415 2132 37 15 eie:
3470 2132 47 15 Gu«t
3535 2132 86 17 Borpers.
3639 2132 95 16 Direction
3752 2132 95 16 musicale:
3863 2133 18 17 H.
3891 2134 12 16 D

3414 2152 67 16 Boeck.
3502 2153 107 15 Nombreux
3627 2152 89 17 tableaux
3733 2153 78 19 quelque
3828 2154 39 19 part
3879 2155 9 15 i
3895 2155 8 16 k

3415 2173 88 15 frontière
3518 2174 18 14 et
3552 2176 25 12 au
3592 2174 149 16 cantonnement.

3436 2193 50 15 Tous
3507 2193 26 16 les
3553 2194 49 15 soirs
3622 2193 13 16 à
3654 2194 10 15 S
3684 2194 17 18 h,
3722 2194 18 16 et
3760 2194 94 17 dimanche
3870 2195 19 17 21.

3415 2214 8 5 "
3439 2214 19 15 h.
3476 2214 28 18 15,
3520 2214 51 16 seule
3587 2214 18 15 et
3621 2214 67 18 unique
3704 2214 82 18 matinée
3802 2215 22 15 de
3839 2219 9 10 c
3855 2215 22 17 Ke
3884 2217 19 16 at

3414 2234 45 16 da.it
3475 2234 68 16 zonder
3558 2235 69 15 mokke
3642 2239 17 13 ».

3437 2255 16 16 A
3470 2255 54 15 noter
3539 2258 36 15 que
3592 2258 20 12 ce
3629 2255 61 16 soldat
3707 2259 46 12 sans
3770 2255 66 19 béguin
3850 2256 27 17 D'à
3887 2261 14 15 p

3414 2275 40 16 huit
3472 2275 164 19 représentations.

3436 2296 97 15 Annoncé:
3548 2296 70 18 reprise
3631 2297 23 15 de
3669 2300 10 11 «
3693 2296 27 16 De
3734 2296 77 19 Lostipc
3824 2297 43 16 Boer

3413 2316 68 18 Joyeux
3498 2320 72 14 paysan
3574 2318 5 13 l
3599 2320 45 12 avec
3661 2317 48 15 Gust
3727 2317 85 19 Borgers.
3828 2318 38 15 J-^sé
3877 2318 24 16 Ut

3415 2337 64 18 riason.
3493 2337 50 16 Frits
3557 2337 117 18 Vaerewijck
3687 2338 19 15 et
3718 2338 20 15 la
3749 2339 65 17 troupe
3825 2338 76 18 d'optretti

3413 2357 24 16 du
3455 2357 81 16 Théâtre
3554 2357 33 16 Fol
3589 2358 34 15 ies-
3625 2358 86 18 Bergère.

3437 2377 54 16 MOV
3510 2378 115 16 VILLAGE.
3647 2386 24 4 —
3690 2378 51 16 Pour
3760 2378 80 17 combler
3855 2379 15 16 le

3413 2399 56 14 causé
3481 2401 35 15 par
3527 2398 19 16 la
3557 2397 126 17 mobilisation
3695 2399 23 15 de
3729 2399 81 18 Georges
3822 2394 78 22 Etioratï

3414 2418 89 17 direction
3520 2422 12 12 a
3550 2419 36 15 fait
3602 2419 54 18 appel
3674 2419 12 16 k
3702 2419 48 16 deux
3766 2421 75 14 artistes
3855 2420 18 16 de
3881 2422 19 15 M

3414 2439 79 17 premier
3505 2439 63 16 ordre:
3582 2439 85 16 Marchai
3679 2443 19 14 et
3711 2440 94 19 Mauvilie,
3817 2441 29 17 qui
3857 2441 41 16 déH*

3414 2460 41 14 ront
3472 2461 42 14 tous
3531 2459 48 16 deux
3594 2463 21 12 ce
3630 2460 41 16 soir
3685 2461 47 15 deru
3748 2461 19 14 la
3783 2461 78 16 nouvelle
3872 2465 25 13 ren

3415 2484 8 10 i
3439 2481 49 14 Avec
3503 2480 27 15 les
3544 2481 86 15 autres...
3647 2481 32 17 qui
3693 2479 47 17 ront'
3751 2481 58 16 Civils
3823 2486 15 10 ».

3437 2501 127 15 ANCIENNE
3582 2501 129 18 BELGIQCE.
3733 2509 16 4 -
3769 2502 53 15 Cette
3838 2504 55 14 itmm

3413 2521 27 15 '.es
3460 2521 65 18 Kratz.
3547 2521 90 17 ath'Meg;
3657 2521 49 18 htjf
3725 2521 83 18 Wandas
3833 2522 63 19 mulptfl

3413 2541 55 16 trlce:
3488 2541 57 16 Little
3565 2541 76 17 Walter.
3663 2542 117 16 fantaisiste-
3798 2542 53 19 Théo,
3867 2542 13 19 \

3413 2561 67 17 briste;
3496 2562 65 15 sketch
3577 2563 84 17 comique
3676 2565 46 13 avec
3736 2563 47 15 Jean
3799 2562 58 20 Daoil,
3868 2563 27 15 In

3414 2585 18 14 et
3455 2582 64 17 Hardy
3542 2583 19 14 ct
3584 2582 72 16 Gaston
3679 2583 83 18 Rasquin
3785 2586 45 13 avec
3849 2587 26 13 son
3885 2584 12 15 M

3413 2602 95 16 or-^estre

3436 2622 91 18 CIRQUE
3545 2623 88 16 ROYAL.
3650 2631 24 4 —
3689 2623 49 16 Tout
3754 2623 92 17 Bnixellea
3859 2624 37 15 déij

3414 2642 74 17 n'avoir
3509 2643 70 18 Jamais
3602 2647 24 12 vu
3648 2647 25 12 un
3694 2644 16 15 si
3732 2644 49 16 beau
3802 2644 77 18 spectacle
3888 2644 9 17 t

3413 2663 41 15 vrai
3472 2664 63 17 cirque
3551 2667 72 12 comme
3640 2664 48 16 celui
3705 2664 85 18 présenté
3807 2668 33 15 par
3852 2665 14 16 la
3876 2668 20 13 m

3414 2684 47 15 velle
3485 2684 98 16 direction:
3608 2685 117 18 magnifique
3749 2685 95 17 cavalerie,
3865 2686 31 15 (on*

3413 2704 55 16 dable
3490 2704 105 18 ménagerie
3616 2705 72 16 réunies
3709 2705 47 17 dans
3776 2709 24 12 un
3820 2709 75 15 p-opeai

3413 2725 82 15 monstre
3515 2725 23 15 de
3555 2725 22 16 25
3595 2726 113 15 attractions
3726 2726 77 18 uniques
3820 2730 23 12 au
3856 2727 39 16 anft

3413 2745 91 15 Matinée-?
3519 2745 12 15 â
3548 2745 10 16 3
3573 2746 18 17 h.
3607 2746 27 16 les
3649 2747 108 15 dimanches
3778 2747 58 18 Jeudis
3847 2747 16 15 et
3872 2747 23 18 Jes

3414 2765 61 17 fériés.
3490 2764 64 18 Moitié
3566 2766 42 18 prix
3619 2770 47 15 pour
3678 2767 26 15 les
3717 2767 83 18 enfants.
3811 2767 21 16 T.
3843 2767 51 17 17.HI

3414 2814 172 36 TABLEAU
3608 2816 71 34 OES
3698 2816 195 37 SPECTACLE!

3533 2883 130 18 VENDREDI
3675 2886 21 15 19
3707 2885 107 17 JANVIER

3875 2884 9 6 -

3612 2926 129 17 THEATRES

3415 2945 90 16 M.mnale.
3521 2953 24 4 —
3558 2945 23 17 Î0
3594 2946 28 18 h.:
3639 2951 10 9 c
3663 2946 25 16 Le
3704 2947 39 16 Bon
3758 2946 35 17 Roi
3807 2946 85 19 DagcbUt»

3412 2965 54 17 Pare.
3483 2974 21 4 -
3519 2966 22 16 20
3556 2967 18 15 h.
3591 2967 31 15 45:
3639 2971 10 10 c
3665 2966 36 17 Les
3716 2967 41 19 plus
3773 2968 57 16 beaux
3842 2967 51 19 yea*

3435 2986 67 16 monde
3516 2991 16 12 >.

3413 3006 89 16 Galeries.
3518 3014 23 5 —
3554 3007 23 16 20
3590 3007 18 17 h.
3622 3007 32 16 30:
3670 3011 9 11 «
3693 3008 70 16 Bichon
3776 3012 18 12 ».

3414 3027 107 17 Albnmbni.
3538 3034 22 5 —
3575 3027 86 19 RelAcha.

3412 3047 60 17 Galté.
3492 3055 20 4 —
3530 3048 23 15 20
3570 3048 18 15 h.
3606 3048 31 16 30:
3657 3058 9 5 .
3686 3048 107 18 Mobilisons
3810 3050 15 15 la
3841 3048 38 17 GalU
3885 3050 7 12 i

3413 3067 113 17 Vaudeville.
3548 3076 18 4 —
3587 3068 23 16 20
3629 3070 18 15 h.
3667 3069 31 16 30:
3719 3073 9 12 «
3748 3070 78 18 Quelque
3843 3071 29 16 Wl
3882 3070 10 14 ■

3435 3088 83 19 Passage
3532 3092 17 11 >■

3412 3108 82 16 Molière.
3509 3117 23 3 —
3548 3109 22 16 20
3584 3109 18 17 h.
3619 3109 23 16 30
3659 3113 6 12 :
3681 3114 9 9 «
3700 3110 32 16 Ma
3747 3111 53 15 Sœur
3814 3111 17 15 et
3843 3109 41 17 lleti

3411 3129 80 16 Thrâtre
3507 3129 98 17 Flamand.
3621 3138 24 4 —
3661 3131 86 18 Relâche.

3411 3150 79 15 Tliefilrr
3507 3150 97 16 lliunoad.
3619 3158 25 5 —
3657 3151 80 16 Relftche

3412 3170 69 15 Folles-
3483 3170 85 18 Bergère.
3583 3178 23 5 -
3621 3171 23 16 M
3659 3172 29 17 h.:
3705 3176 11 11 «
3732 3172 28 18 Ne
3776 3172 70 16 Soldaai
3858 3169 35 18 «n*

3434 3190 69 16 Mokke
3525 3194 16 15 t>,

3436 3218 66 15 MISK
3511 3219 23 14 -H
3540 3219 37 14 ALI
3581 3220 15 13 .4
3612 3219 31 16 ET
3656 3219 152 17 SPECTACLES
3822 3214 62 21 DI>1*

3411 3245 66 18 Cirque
3497 3246 66 17 Royal.
3581 3253 22 5 —
3622 3246 23 16 20
3663 3247 19 16 h.
3704 3249 6 13 :
3729 3246 92 19 Spectacle
3837 3245 53 19 êqw«»

3433 3266 111 18 ménagerie,
3566 3266 119 17 attractions.

3412 3286 93 16 .Ancienne
3520 3287 94 18 Belgique.
3629 3295 24 4 —
3666 3287 22 16 20
3702 3287 19 19 h,
3739 3290 5 13 :
3760 3286 101 17 Muslc-haîL

3413 3307 41 15 Mon
3470 3307 78 16 Vlllagr.
3565 3315 18 4 —
3601 3308 22 15 HO
3639 3309 17 14 II
3674 3309 23 15 30
3713 3312 6 12 :
3735 3312 8 11 «
3760 3308 52 16 Viens
3826 3308 37 15 dans
3872 3307 18 14 •"

3433 3327 143 16 cantonnement
3596 3332 16 12 ».

3411 3348 55 17 Gniiy
3484 3347 82 16 Cabaret
3585 3349 89 17 Dancing.
3693 3355 20 6 —
3730 3348 61 16 Soirée
3805 3348 11 16 A
3832 3347 42 19 pirtir
3881 3343 10 17 *

3433 3368 22 15 20
3472 3368 72 17 heures.
3565 3368 126 18 (Attractions
3709 3369 96 19 diverses.)

3608 3396 127 16 CONCERTS

3412 3422 125 18 Beaox-Arta,
3550 3429 24 5 —
3586 3422 23 16 20
3622 3423 19 16 h.
3655 3423 32 16 30:
3701 3422 99 17 Deuxième
3812 3421 58 17 concert
3876 3420 15 19 If

3411 3442 31 18 pul
3444 3442 45 16 aire.

3412 3498 63 45 LES
3494 3495 165 48 CINEMAS
3679 3499 25 43 A
3727 3494 163 46 BRUXELLES

3435 3560 88 18 AGORA.
3542 3568 23 5 —
3585 3560 29 16 Un
3635 3560 44 16 rêve
3698 3563 20 13 se
3739 3560 64 15 réalise
3822 3553 69 22 (0r«*

3411 3580 72 18 Mooni,
3502 3581 56 16 Merle
3574 3581 79 18 Obéron.
3670 3581 38 15 Rex
3726 3581 90 15 Harrison.

3435 3601 170 17 AMRASSADOR.
3621 3609 23 4 —
3658 3601 90 16 Siuanne,
3766 3600 66 18 Shirley
3843 3595 47 18 Teoï»

3411 3622 43 16 Enf.
3475 3622 68 15 admis.

3433 3642 91 18 CAMEO.
3539 3649 19 5 —
3575 3643 28 15 Au
3615 3642 74 17 Revoir,
3703 3642 26 16 M.
3742 3642 56 17 Chips
3811 3641 47 15 <**«.
3867 3639 21 12 «

3413 3664 60 14 textes
3497 3663 71 17 iranç.)
3594 3662 68 16 Robert
3686 3662 67 17 Donat.
3775 3661 52 16 Gréer
3845 3657 44 17 GW«

3412 3683 37 16 Enf
3475 3683 67 16 admis.
3561 3682 76 17 Séanc:
3656 3686 45 14 sem.
3719 3683 18 15 et
3756 3682 51 16 dlm.:
3824 3679 23 21 M,
3861 3677 28 27 fH

3412 3703 20 16 16
3440 3703 28 20 40,
3485 3704 26 16 19.
3528 3703 61 18 21.30;
3606 3706 58 13 sam.:
3682 3703 27 17 12.
3727 3703 20 16 13
3756 3701 26 17 55.
3799 3697 89 19 1805.11»

3412 3723 56 17 20.45.
3494 3723 57 16 23.10.
3878 3735 12 3 „

3434 3744 48 17 CIN.
3495 3744 46 16 ï>Efi
3553 3743 162 17 BEAUX-ARTS.
3727 3751 23 4 —
3761 3742 24 16 Et
3796 3742 17 15 la
3823 3738 67 21 P»roU"

3413 3764 36 17 (La
3459 3765 29 15 vie
3500 3764 61 19 pri.ie
3572 3764 23 17 de
3606 3765 83 15 Graham
3701 3764 56 16 Bell).
3771 3761 69 17 Loretta
3849 3758 41 17 T**

3410 3784 57 16 Henri
3482 3785 70 17 Fonda.
3567 3785 44 17 Enf.
3627 3784 67 18 admis.

3433 3805 49 16 CIN.
3501 3805 46 16 DES
3564 3805 121 16 GALERIES
3704 3805 49 16 <Gai.
3771 3800 115 19 Ht-Hi.bertK-

3410 3825 81 16 Premier
3510 3826 70 15 Amour
3601 3825 58 16 (First
3680 3825 57 17 love).
3757 3824 69 16 Oeaina
3843 3820 44 16 Dal**

3411 3845 42 16 Enf.
3468 3846 67 17 admis.
3550 3845 75 16 Séanc:
3641 3846 27 17 14.
3684 3845 26 18 16.
3725 3844 26 20 18,
3764 3844 21 16 20
3796 3844 16 15 et
3824 3841 19 17 33
3852 3840 13 15 L

3433 3866 59 16 CINE
3504 3865 61 17 MAX.
3581 3873 18 5 —
3613 3865 79 17 Terreur
3703 3865 13 16 A
3731 3864 72 18 l'ouest.
3815 3861 51 16 Jaai*
3872 3860 15 12 w

3410 3889 53 15 gney,
3479 3886 107 18 Humphrey
3599 3886 77 19 Bogart,
3690 3886 99 17 Roaempry
3802 3883 47 15 Lan*

3434 3907 59 16 CINE
3516 3906 55 17 VOO.
3596 3914 21 5 —
3640 3907 28 15 En
3690 3909 43 13 oom
3754 3903 105 18 seulement...
3869 3900 20 17 P

3409 3930 55 13 name
3476 3927 60 18 only).
3552 3927 67 15 Carole
3634 3926 92 17 Lombard
3745 3926 47 17 Cary
3804 3921 56 18 Grtot.
3869 3921 20 14 *-t

3409 3947 83 18 Francis.
3840 3959 49 9 „_,■_,

3435 3968 128 16 COLISECM.
3590 3974 19 6 —
3636 3967 91 17 Narsiase.
3755 3965 61 18 Rellyi.
3840 3961 49 23 *<*?*

3411 3988 85 17 Rolland.
3511 3988 71 16 Claude
3598 3987 50 19 May.
3664 3987 46 16 Paul
3727 3986 58 16 Azais.
3800 3985 32 16 E»l
3850 3982 39 26 *J'^

3411 4008 75 16 Séanc:
3506 4008 21 16 10
3550 4008 57 17 1135,
3625 4008 52 16 13-35
3700 4007 49 17 1533
3771 4004 51 18 1750.
3838 4001 36 17 1?»

3411 4028 58 16 21.45.
3874 4036 15 14 n

3432 4048 94 17 CROSLV
3539 4048 112 17 LEOPOLD
3664 4048 37 17 Hl.
3715 4055 23 5 —
3750 4047 51 16 Trois
3815 4045 50 17 JeuM»
3874 4043 14 12 «■*

3410 4069 27 16 les
3451 4070 34 15 ont
3500 4069 73 19 grandi.
3591 4069 78 16 Deanna
3686 4068 76 16 Durbln.
3779 4065 39 18 Enf.
3831 4063 37 16 ad»

3433 4090 90 15 CRO.SLY
3547 4089 73 17 NORD.
3640 4097 22 5 —
3683 4087 104 18 Actualités.
3807 4085 61 17 Pro*r»-

3411 4110 55 16 varlé.
3486 4110 42 16 Enf.
3547 4110 67 16 admis.
3868 4120 20 11 rM

3433 4130 31 19 f.E
3480 4128 55 19 BOT.
3553 4137 23 6 —
3590 4130 53 16 Beuta
3660 4129 27 16 las
3703 4130 59 17 Angea
3777 4126 30 16 ont
3820 4124 27 16 Af
3859 4124 30 12 ■**

3410 4150 44 16 Enf.
3475 4150 67 18 admis.
3868 4159 20 13 ^

3434 4171 106 15 .UAltiVAi
3549 4171 14 15 X
3588 4178 24 5 —
3629 4170 27 16 Le
3674 4171 91 15 Cbaaseur
3783 4168 20 15 de
3819 4165 36 15 ebtt
3867 4165 22 11 *'

3410 4191 61 16 xlm's.
3489 4191 57 17 Bach.
3562 4191 45 17 Enf.
3623 4194 36 12 non
3676 4190 65 16 admis.

3434 4210 153 18 MÏTrUOFOLE.
3603 4219 23 4 —
3640 4211 80 16 Victoire
3732 4212 33 14 sur
3779 4209 17 15 la
3809 4205 39 17 Doit
3858 4214 8 4 -
3865 4214 21 6 -.

3411 4231 63 17 Davis.
3494 4232 71 18 George
3585 4232 62 16 Brent,
3665 4231 104 17 Humphrey
3787 4226 102 26 Bo^"--^

3410 4255 37 13 non
3463 4252 67 15 admis.
3548 4252 76 15 Séanc:
3643 4251 58 18 13.55.
3718 4251 26 15 16.
3746 4250 28 20 2-%
3790 4246 50 20 19.19,
3853 4245 35 14 »■*■

3409 4275 56 12 3am.*
3486 4273 20 15 14
3533 4272 54 18 19.45.
3608 4272 58 20 19.30.
3683 4271 52 16 21.30

3434 4292 80 16 FATHE
3533 4292 102 17 PALACE.
3652 4300 24 5 —
3692 4291 26 18 Le
3735 4290 87 16 Chasseur
3835 4286 18 15 4-

3409 4312 93 18 Maxim's.
3519 4313 58 18 Bach.
3592 4313 45 15 Enf.
3654 4316 36 12 non
3706 4311 64 16 admis.
3823 4326 37 8 ^^

3434 4333 84 16 PLAZA.
3583 4333 27 16 Un
3632 4336 43 13 revt
3694 4336 20 12 se
3734 4333 62 14 réalise
3815 4327 45 19 W*W

3422 4353 60 16 loau).
3502 4353 57 16 Merle
3576 4353 16 16 O
3599 4353 30 15 .>.■<
3637 4356 12 13 n
3674 4353 36 16 Re*
3730 4350 155 24 Harriion.^^

3432 4373 105 18 QCEEN*K
3557 4373 72 16 HALL.
3649 4380 24 5 —
3693 4372 92 16 Monsieur
3801 4367 84 17 Brt-wcw-
3884 4368 4 9 1

3419 4394 64 16 .almu.
3501 4393 44 18 Enf.
3561 4397 36 12 non
3611 4394 67 15 admis.
3842 4400 45 15 -t.*}"

3431 4413 73 17 BOXV.
3517 4421 24 5 —
3553 4413 88 16 Vedettes
3656 4414 24 15 du
3693 4412 55 16 Pavé.
3763 4409 69 17 CharW
3841 4408 43 17 J-*?:

3410 4435 37 14 ton.
3467 4434 38 16 Son
3522 4434 73 16 dernier
3612 4434 76 16 modèle.
3708 4432 77 17 Camilta
3800 4429 49 16 Bon».
3860 4428 27 10 »~

3409 4454 67 16 admis.
3855 4460 33 15 .ug

3432 4474 90 16 STUDIO
3551 4474 141 17 ARENBERG.
3720 4480 23 5 —
3771 4468 74 23 SrnlUnf

3411 4494 101 18 (Toujours
3533 4496 89 17 sourire).
3644 4494 65 16 Gracie
3732 4491 59 18 Fields
3809 4489 18 17 «t

3408 4514 76 19 Skippy.
3854 4521 31 15 -»

3431 4535 102 17 STLAJtT.
3550 4542 22 6 —
3588 4535 33 17 Tel
3638 4536 28 16 est
3684 4535 37 18 prli
3736 4536 31 15 qm
3781 4529 61 18 ero7»H
3854 4529 28 18 E9

3408 4555 39 18 dre.
3465 4555 56 16 Brian
3540 4556 77 16 Aherue.
3636 4555 21 17 O.
3674 4555 23 16 de
3714 4550 98 20 BavUland-
3849 4560 34 8 .-—

3433 4574 128 18 VARIETES.
3581 4583 22 4 —
3624 4575 25 18 Le
3669 4574 64 17 monde
3753 4573 28 15 est
3798 4569 88 28 "Wrr^

3410 4596 98 15 Claudette
3530 4596 81 18 Colbert.
3632 4596 64 15 James
3716 4591 81 19 Stswart.
3817 4590 69 26 ^''«a

3409 4616 67 18 admis.
3493 4616 76 17 Séanc:
3585 4617 21 15 14
3627 4616 57 17 15.25,
3699 4614 56 20 17.23,
3769 4609 46 19 lt-25
3826 4610 16 13 «
3851 4609 35 11 "~

3842 4484 14 17 If
3868 4480 19 16 *

125 4678 28 19 46
167 4676 108 22 «Nation
290 4678 99 24 Belge»,
402 4678 34 21 du
448 4679 27 20 19
489 4679 94 24 janvier
596 4680 54 20 1940

164 4786 57 57 -:-
238 4754 301 93 L'ERREUR
558 4788 59 59 -:-

164 4870 453 91 SENTIMENTALE

359 4997 66 22 FAX

204 5039 148 38 Edouard
370 5040 41 37 de
428 5040 148 38 KEYSER

152 5159 30 7 —
194 5150 69 25 Vous,
274 5156 57 14 avez
344 5151 38 21 dit
395 5152 57 22 vrai,
465 5153 138 20 monsieur-.
617 5152 31 22 Je

126 5178 82 21 eavals
227 5178 53 21 tout
300 5179 69 21 cela...
390 5179 33 22 Et
441 5180 25 24 je
485 5185 31 18 ne
536 5181 50 21 suis
605 5186 45 20 paa

126 5206 105 24 surprise
254 5211 46 20 que
321 5211 60 16 vous
405 5209 145 20 connaissiee
571 5208 68 25 égale-

128 5235 68 20 ment
207 5234 26 20 lo
240 5235 77 19 secret
329 5235 29 20 de
369 5239 57 16 mon
438 5241 71 14 cœur.

152 5271 27 5 —
200 5262 62 21 C'est
281 5266 34 16 un
334 5262 76 24 grand
430 5263 110 22 sacrifice
559 5269 46 19 que
623 5265 30 24 Je-

128 5293 60 17 vous
202 5289 122 24 demande,
337 5290 60 20 miss
411 5290 102 21 Rosée.-.
527 5291 68 24 Mois,
609 5292 42 20 dès

126 5321 45 17 son
191 5317 98 23 arrivée,
308 5322 42 16 ma
367 5318 89 23 femme
473 5326 19 15 a
507 5319 55 24 Jugé
582 5321 67 20 votre

126 5343 62 23 âme.

154 5373 51 21 Elle
218 5372 108 22 balbutia
337 5378 9 16 :

155 5409 30 7 —
196 5401 39 19 Me
268 5400 129 21 demander
421 5402 30 20 de
475 5400 98 26 séparer
596 5406 58 16 mon

126 5428 65 22 frère
207 5429 26 20 et
247 5429 123 22 .Annette.
385 5430 108 25 quand—.

153 5456 22 22 H
190 5456 34 21 lui
239 5457 50 25 prit
304 5457 35 21 lea
352 5458 85 23 malne,
453 5458 50 21 très
518 5460 122 20 affectueu-

129 5487 92 18 sement
237 5489 8 16 ï

669 4681 84 22 fendre
773 4682 67 20 votre
860 4686 84 16 amour
965 4682 14 20 ?
1000 4683 191 23 questionna-t-ïl.

694 4708 52 21 Elle
767 4714 27 16 se
815 4708 124 35 libérait
944 4710 98 28 jrcciûa
1062 4711 56 21 d'un
1138 4716 51 23 pas,

670 4736 152 26 épouvantée.

694 4775 29 6 —
738 4765 38 21 Oh
795 4765 7 20 !
820 4770 57 17 non.
900 4770 20 16 «*
919 4773 38 8 —
956 4768 89 16 ».■■.■■
1091 4771 37 7 —

692 4803 29 6 —
736 4793 119 26 Pourquoi
874 4794 34 22 T-
923 4793 66 24 Vous
1005 4793 51 25 fites
1070 4794 122 22 âdomblo-

671 4823 65 19 ir.ent
750 4822 75 22 jolie™

694 4859 29 6 —
733 4850 76 20 Parce
820 4855 47 19 que
877 4856 52 16 mes
941 4856 63 20 yeux
1014 4852 56 21 sont
1080 4853 112 23 obliques,

671 4883 42 18 que
733 4882 42 16 ma
790 4883 63 19 peau
871 4880 38 20 est
927 4881 90 21 Jaune,
1037 4886 46 18 qu>
1100 4880 25 24 je
1142 4881 51 19 suis

672 4906 115 20 Chinoise.
789 4920 12 5 ..

697 4941 29 8 —
738 4933 38 22 Et,
791 4937 59 16 vous
865 4938 58 15 avez
938 4934 86 24 raison,
1038 4934 59 20 miss
1112 4934 85 23 Rosée,

673 4965 76 19 coupa
764 4961 23 19 le
804 4960 141 25 chirurgien.
961 4962 23 19 A
1000 4962 56 24 quoi
1071 4962 49 20 bou
1136 4966 60 16 nous

671 4988 104 22 mentir?
792 4988 40 24 Or,
848 4993 27 16 oe
891 4993 53 20 que,
959 4994 44 20 par
1017 4994 104 19 sagesse,
1137 4994 60 16 vous

675 5016 159 23 repousseriez
857 5016 150 25 vous-même,
1030 5018 26 20 et
1086 5018 50 20 cela
1165 5021 33 17 en

672 5042 67 26 dépit
757 5045 43 20 dee
819 5045 150 20 souffrances
989 5046 30 21 de
1039 5046 66 19 votre
1124 5050 72 19 cœur,

676 5071 82 22 n'était
780 5076 45 19 pas
848 5073 17 20 à
887 5073 124 20 conseiller
1039 5077 63 21 pour
1129 5073 68 20 votre

673 5099 71 22 frère.

667 5147 6 8 ,
699 5142 30 8 _
738 5133 104 21 Annette
856 5134 66 21 avait
934 5135 105 24 accepté.

698 5177 30 7 ■—
737 5168 77 22 Parce
831 5168 83 25 qu'elle
933 5168 103 25 Ignorait
1053 5170 55 22 tout
1124 5170 31 22 de
1172 5171 26 20 la

675 5195 39 22 vie
729 5201 31 16 en
775 5196 91 24 Orient,
879 5197 27 20 et
919 5197 57 24 qu'il
990 5201 32 17 ne
1036 5199 26 20 la
1074 5198 36 21 lui
1123 5203 18 16 a
1153 5203 46 20 pas

675 5223 111 21 dévoilée.
806 5224 53 20 Elle
879 5228 17 16 a
914 5224 133 22 seulement
1064 5230 35 20 pu
1117 5227 83 20 ouvrir

677 5251 36 20 les
735 5256 70 19 yeux,
826 5252 134 24 lorsqu'elle
984 5255 38 19 est
1045 5253 91 20 arrivée
1159 5259 33 15 au

675 5279 75 20 terme
772 5279 32 20 du
824 5284 97 20 voyage,
942 5281 25 21 et
987 5282 56 23 qu'il
1063 5280 61 23 était
1143 5282 55 24 trop

674 5307 75 20 tard—
769 5306 133 25 Envisagez
922 5307 140 23 clairement
1081 5310 22 19 k.
1126 5310 63 20 situa-

676 5335 55 20 tion.
746 5334 73 21 Votre
833 5334 64 22 frère
911 5336 109 20 s'avance
1034 5341 57 18 vers
1103 5336 24 22 le
1140 5337 51 20 mal-

675 5362 66 21 heur.
769 5362 100 25 Séparée
890 5368 45 19 par
956 5365 54 19 tant
1030 5365 30 20 de
1080 5364 119 25 pr-éjugée,

674 5389 111 22 entourés
803 5390 146 25 d'hostilités,
967 5393 32 20 lui
1017 5394 24 18 et
1058 5397 29 17 aa
1103 5392 95 24 femme,

675 5418 100 21 finiront
790 5423 46 20 par
850 5423 28 16 se
895 5418 72 21 haïr—

699 5461 30 8 —
739 5453 69 24 Mais,
823 5457 40 17 me
879 5453 148 21 demander,
1043 5456 17 19 à.
1076 5455 52 19 moL

700 5496 30 7 —
740 5487 54 24 Oui,
810 5487 138 24 répondit-n,
965 5493 57 15 avec
1037 5489 71 22 force.
1123 5489 76 21 Puce

673 5519 49 21 eptm
742 5520 59 15 tous
822 5517 76 19 aimez
918 5518 65 19 aussi
1003 5516 33 21 IL
1057 5517 96 20 DareuU
1173 5517 27 21 et

1216 4687 47 20 que
1277 4687 59 17 vous
1350 4684 82 20 voulez
1445 4688 45 17 «on
1504 4683 112 21 bonheur.
1632 4684 80 24 Quant
1726 4684 17 21 à

1218 4715 66 19 vous,
1310 4711 59 20 miss
1398 4711 82 23 Rosée,
1507 4711 99 25 j'espère
1635 4712 28 20 de
1690 4712 54 21 tout

1217 4743 56 16 mon
1290 4744 69 17 cœur,
1375 4744 46 20 que
1437 4744 58 17 voue
1511 4740 136 21 oublierez..

1243 4776 29 6 —
1282 4767 100 23 Jamais,
1405 4768 93 21 dit-elle,
1520 4772 60 16 avec
1602 4767 131 25 décourage-

1217 4795 74 21 ment

1242 4833 30 5 —
1284 4823 50 23 Que
1362 4827 60 16 voue
1445 4823 102 21 aimerez
1568 4828 34 15 un
1623 4824 71 23 jeune
1717 4824 25 20 et

1219 4851 62 21 beau
1299 4855 89 20 gardon
1408 4851 27 20 de
1454 4852 68 20 votre
1540 4856 62 18 race,
1620 4856 45 20 que
1684 4856 58 16 vous

1219 4878 109 20 viendrez
1338 4878 62 22 faire
1411 4879 67 20 votre
1489 4884 90 19 voyage
1590 4879 29 20 de
1630 4884 71 15 noces
1712 4885 31 15 en

1220 4906 92 20 France
1335 4909 25 19 et
1381 4911 46 20 que
1450 4911 59 15 nous
1532 4911 58 16 vous
1601 4916 5 4 -
1620 4912 122 15 reverrons

1219 4934 57 20 chez
1295 4938 67 17 nous.

1246 4962 35 20 La
1298 4963 71 24 jeune
1387 4962 51 20 foie
1457 4962 83 20 rentra
1557 4963 17 20 à
1591 4963 62 24 pied,
1670 4963 64 20 lente-

1218 4990 75 22 ment,
1311 4989 128 21 ^arrêtant
1458 4992 100 20 souvent
1576 4995 57 17 sous
1652 4993 35 19 les
1707 4996 27 14 ar-

1220 5017 60 23 bres,
1296 5021 91 17 comme
1402 5019 21 18 si
1439 5018 44 22 elle
1498 5019 123 23 manquait
1637 5019 29 19 de
1680 5019 56 20 souf-

1221 5045 39 20 fle.
1284 5045 52 20 Elle
1359 5045 60 21 était
1441 5045 77 25 partie
1540 5049 58 18 sans
1621 5045 122 26 répondre,

1221 5072 61 21 mais
1295 5073 22 20 le
1330 5073 136 24 chirurgien
1477 5073 80 21 savait
1569 5074 80 24 qu'elle
1664 5079 71 19 accep-

1220 5101 46 20 tait
1281 5105 30 15 sa
1326 5101 106 20 mission.

1248 5128 52 21 Elle
1313 5130 83 21 monta
1406 5129 157 22 directement
1573 5129 59 21 chez
1643 5130 103 21 Annette

1218 5156 84 24 qu'elle
1318 5158 86 19 trouva
1419 5157 101 21 étendue
1534 5162 44 16 sur
1592 5162 45 16 son
1652 5157 43 21 lit.'

1247 5193 29 5 —
1286 5184 31 20 Je
1335 5185 97 21 reviens
1453 5185 30 21 de
1502 5185 60 22 chez
1582 5186 68 20 votre
1671 5185 74 24 oncle,

1222 5211 88 21 dit-elle
1325 5212 53 21 tout
1393 5212 29 20 de
1436 5212 70 24 suite,
1521 5217 58 16 sans
1592 5213 96 21 enlever
1701 5218 44 15 son

1220 5239 113 24 chapeau.
1343 5240 21 22 Il
1375 5240 66 20 avait
1450 5244 47 18 une
1507 5242 122 22 besogne—
1639 5241 47 24 oui,
1697 5246 46 15 une

1221 5267 102 24 besogne
1340 5268 17 21 à
1372 5272 40 16 me
1429 5268 97 20 confier.
1528 5280 12 13 »

1246 5304 29 6 —
1285 5295 31 20 Je
1330 5300 31 17 ne
1374 5300 60 15 vous
1447 5296 141 24 comprends
1602 5301 51 19 pas.

1246 5332 30 7 —
1289 5323 47 19 Oh!
1353 5323 45 20 elle
1414 5323 61 22 n'est
1491 5328 44 20 pas
1552 5323 98 23 difficile
1668 5323 16 21 à
1699 5324 38 20 sai-

1221 5350 42 23 sir,
1277 5351 98 23 darling.
1388 5351 22 21 Il
1422 5352 49 20 sait
1483 5356 46 21 que
1542 5357 59 16 vous
1613 5356 31 16 ne
1656 5356 91 21 pouvez

1221 5382 44 19 pas
1283 5378 76 20 aimer
1375 5379 54 20 Lee.

1250 5415 29 5 —
1291 5406 50 24 Que
1364 5411 60 16 voue
1448 5406 61 20 a-Wl
1533 5407 51 20 dit?
1615 5412 12 14 s
1629 5407 70 20 'écria
1721 5404 31 24 la'

1222 5433 71 24 jeune
1311 5435 87 20 femme
1414 5439 30 16 en
1459 5439 28 17 ee
1503 5435 86 20 levant.
1605 5436 22 21 H
1642 5440 31 16 ne
1688 5436 59 23 peut

1221 5461 123 22 connaître
1359 5467 52 16 mes
1426 5463 146 21 sentiments.
1588 5464 46 21 Lee
1650 5466 26 20 et
1690 5465 55 23 moi,

1222 5493 61 17 nous
1291 5493 103 17 sommes
1404 5489 62 23 unis,
1475 5494 45 19 par
1529 5490 68 20 notre
1607 5490 101 21 volonté.

1247 5524 30 11 *********
1287 5517 23 20 H
1330 5516 50 22 sait
1402 5522 44 19 que
1468 5522 59 16 vous
1549 5519 76 20 aknez
1646 5519 32 20 M.
1699 5520 48 19 Da-

1768 4686 65 22 reuil,
1852 4685 120 21 Annette.
1988 4686 33 20 Et
2037 4686 18 21 il
2069 4685 49 21 sait
2133 4690 46 20 que
2195 4686 33 21 M.
2243 4686 47 20 Da-

1769 4714 59 21 reull
1845 4718 60 16 vous
1923 4713 61 15 **™°
1999 4727 4 8 ■
2022 4718 52 20 que,
2092 4717 60 21 pour
2169 4718 28 16 ce
2215 4714 76 23 motif,

1767 4742 16 21 U
1796 4741 41 22 n'&
1848 4741 53 27 plus
1913 4742 72 20 voulu
1997 4743 68 20 venir
2077 4742 57 19 chez
2146 4745 66 17 vous.

1795 4769 91 22 Levant
1907 4769 35 22 les
1961 4774 69 20 yeux,
2058 4769 44 20 eUe
2129 4769 37 20 vit
2186 4774 31 15 en
2237 4769 54 20 face

1767 4797 68 21 d'elle
1852 4801 46 16 une
1916 4797 104 21 hostilité
2036 4797 92 22 eourde,
2146 4802 31 14 au
2194 4797 48 21 lieu
2259 4797 32 20 du

1768 4826 170 22 rayonnement
1960 4825 82 24 qu'elle
2066 4825 125 20 redoutait.

1793 4862 28 5 —
1832 4853 22 20 Il
1871 4853 47 20 m'a
1935 4852 114 21 demandé
2067 4852 114 22 d'obtenir
2199 4853 28 19 de
2244 4852 47 21 Lee

1768 4880 67 20 votre
1856 4879 90 24 liberté,
1965 4886 61 21 pour
2045 4886 45 20 que
2111 4885 58 15 vous
2190 4880 101 24 puissiez

1767 4907 101 25 épouser
1886 4909 31 19 M.
1935 4909 104 23 Dareuil,
2056 4913 32 15 en
2105 4909 106 21 France.,
2230 4913 52 15 com-

1768 4941 38 15 me
1822 4942 27 16 se
1865 4936 104 21 marient
1985 4940 35 19 les
2036 4936 134 23 Français.

1794 4963 61 20 Sans
1875 4964 73 23 force,
1968 4965 43 21 elle
2031 4970 27 14 se
2078 4964 73 20 lais-sa
2170 4964 60 21 aller
2249 4969 43 15 sur

1768 4996 46 15 une
1830 4992 86 22 chaise,
1931 4993 26 21 et
1970 4992 80 20 baissa
2064 4994 21 19 le
2100 4992 72 20 front.

1793 5020 51 20 Peu
1861 5020 17 21 à
1895 5024 53 19 peu,
1964 5021 35 21 les
2017 5020 69 23 mots,
2103 5020 54 23 trop
2175 5019 116 21 éclatants

1768 5051 60 19 pour
1843 5046 50 21 être
1910 5048 94 20 d'abord
2019 5046 110 26 regardés
2145 5052 30 16 en
2190 5048 60 23 face,
2264 5053 26 14 se

1769 5074 141 24 précisaient
1932 5076 89 21 devant
2041 5075 110 21 Annette.
2179 5075 53 21 Elle
2261 5080 30 15 en

1768 5105 146 21 comprenait
1930 5104 22 20 le
1967 5109 57 15 sens
2041 5104 73 19 exact.
2161 5115 39 17 .^^

1794 5130 43 20 Ses
1857 5129 75 23 lèvres
1950 5130 184 22 murmurèrent:

1792 5167 29 7 —
1832 5159 21 19 H
1865 5159 114 22 m'aime-.
1990 5160 21 21 Il
2023 5159 113 21 m'aime.

1797 5195 29 6 —
1837 5187 46 18 J'ai
1913 5186 104 25 accepté,
2046 5186 93 24 bégaya
2167 5185 25 21 la
2221 5186 71 24 jeune

1769 5213 117 25 Chinoise,
1900 5216 41 23 qui
1955 5215 78 22 fondit
2047 5219 31 17 en
2092 5216 93 19 larmes.

1794 5241 38 20 Au
1849 5241 78 21 même
1945 5242 97 23 instant,
2058 5247 30 16 sa
2104 5242 132 20 belle-soeur
2253 5242 40 19 fut

1768 5268 17 21 à
1799 5274 100 19 genoux,
1905 5269 88 21 devant
2007 5271 51 22 elle,
2070 5269 71 21 saisit
2154 5274 39 16 ses
2207 5270 84 19 mains.

1793 5306 29 5 —
1834 5296 96 21 Rosée.
1943 5298 66 22 Vous
2021 5302 58 16 avez
2092 5296 97 25 accepté
2206 5302 6 15 :
2228 5297 63 20 alors

1770 5329 45 20 que
1834 5329 59 16 vous
1913 5325 75 21 aimez
2009 5327 30 18 M.
2060 5326 115 20 Dareuil...
2195 5325 33 21 Et
2247 5329 45 20 que

1768 5357 59 15 vous
1846 5356 31 16 ne
1894 5353 79 20 saviez
1992 5359 43 21 pas
2053 5358 45 20 que
2116 5353 24 24 je
2159 5353 105 20 l'aimais.

1795 5380 33 21 Sa
1838 5381 133 20 belle-soeur
1982 5382 39 21 fui
2033 5382 133 23 longtemps
2177 5381 74 19 avant
2263 5381 28 19 de

1772 5407 122 25 répondre.

1794 5444 29 7 —
1834 5436 29 20 Je
1884 5438 22 20 le
1925 5436 87 24 savais,
2032 5435 168 25 répondit-elle,
2219 5436 73 21 enfin.

1794 5472 29 6 —
1833 5464 65 21 Vous
1913 5465 22 20 le
1950 5465 97 20 saviez.
2062 5463 38 22 Et,
2114 5467 59 16 vous
2188 5468 57 16 avez
2259 5468 34 20 pu

1770 5495 59 15 voua
1853 5491 77 21 taire?

1795 5518 65 21 Elles
1885 5519 163 22 demeurèrent
2070 5518 152 22 étroitement
2245 5523 48 15 ser¬

2317 4685 56 19 rées.
2394 4685 102 20 Annette
2516 4685 81 20 venait
2617 4685 28 19 de
2666 4687 124 19 concevoir
2810 4686 28 19 de

2314 4713 76 23 quelle
2404 4712 87 26 qualité
2506 4717 60 19 rare,
2580 4712 59 21 était
2652 4712 66 21 l'âir.e
2734 4713 28 20 de
2777 4714 60 19 cette

2316 4742 72 23 petite
2408 4741 118 21 Chinoise.

2340 4778 28 5 —
2381 4769 200 23 Comprenez-moi
2624 4768 62 23 bien,
2729 4769 109 20 Annette.

2313 4797 65 19 Pour
2395 4801 65 18 vous,
2476 4797 24 23 je
2518 4796 102 20 n'aurais
2637 4796 87 24 jamais
2741 4796 96 24 accepté

2316 4825 28 19 de
2361 4824 61 21 faire
2439 4830 26 15 ce
2482 4829 44 19 que
2542 4824 24 24 je
2582 4824 52 20 vais
2650 4824 97 21 tenter.
2763 4825 29 20 Je
2808 4829 30 15 ne

2312 4854 53 23 puis
2379 4854 124 21 admettre,
2516 4853 54 22 moi,
2585 4854 206 23 l'argumentation
2806 4854 29 19 de

2317 4881 67 19 votre
2408 4881 67 19 tante
2499 4880 17 21 à
2539 4884 84 19 propos
2649 4880 41 19 des
2721 4881 117 23 mariages

2316 4909 65 19 entre
2401 4908 61 19 deux
2480 4907 63 20 êtres
2562 4908 28 19 de
2610 4912 67 15 races
2695 4911 24 16 ct
2738 4909 29 18 de
2786 4909 42 19 reli-

2315 4936 67 23 gions
2402 4935 157 19 différentes.-
2578 4935 53 22 Car,
2649 4936 154 23 maintenant,
2822 4936 17 19 il

2314 4968 17 19 y
2348 4968 17 15 a
2381 4965 53 19 tout
2452 4964 28 19 de
2497 4962 77 23 même
2593 4967 45 16 une
2657 4963 63 21 seule
2738 4964 90 19 civilisa-

2315 4991 69 20 tion.
2400 4991 68 22 Mais,
2483 4991 39 23 lui,
2536 4990 24 24 je
2576 4995 61 15 veux
2651 4991 54 24 qu'il
2720 4992 48 20 soit
2783 4992 46 19 heu-

2316 5023 64 17 reux.

2339 5056 29 5 —
2380 5046 91 20 Jamais
2493 5047 44 18 Lee
2559 5051 30 15 ne
2610 5046 134 20 consentira
2764 5046 17 21 à
2799 5050 38 16 me

2316 5074 84 21 rendre
2419 5078 41 15 ma
2478 5073 89 22 liberté.

2339 5111 28 5 —
2378 5102 33 19 Le
2423 5102 52 23 plus
2486 5100 87 26 pressé,
2585 5101 56 20 c'est
2652 5104 28 19 de
2692 5102 76 27 partir
2778 5106 59 22 pour

2309 5130 104 23 •quelque
2426 5131 96 22 temps...
2534 5130 72 19 Voire
2618 5128 69 23 santé
2700 5131 87 23 l'exige.
2799 5129 39 20 En

2315 5158 66 19 votre
2405 5156 101 21 absence
2534 5157 138 23 seulement,
2702 5158 45 20 Lee
2777 5162 52 15 com-

2316 5184 122 24 prendra.

2340 5221 29 5 —
2380 5211 129 21 Lui-même
2526 5212 60 22 n'est
2602 5212 53 24 plus
2671 5213 125 21 heureux-.

2339 5249 29 5 —
2381 5240 61 19 Mais
2459 5241 17 19 il
2492 5244 30 15 ne
2539 5240 49 21 s'en
2604 5240 58 20 rend
2678 5245 44 19 pas
2739 5244 98 20 compte.

2340 5276 30 7 —
2380 5266 39 21 Où
2441 5267 94 21 .aller?.

2339 5304 29 5 —
2379 5294 65 23 Loin,
2460 5295 109 20 Annette.
2585 5295 78 23 Loin-.
2679 5296 50 22 Qu***!
2744 5295 47 20 Lee
2807 5299 30 15 ne

2316 5323 78 25 puisse
2410 5327 58 15 vous
2484 5323 117 23 rejoindre
2616 5323 80 24 quand
2710 5323 24 24 je
2750 5323 32 20 lui
2797 5327 32 15 au-

2316 5351 36 19 rai
2369 5349 85 26 parlé.
2470 5351 69 19 Dana
2553 5352 36 20 les
2605 5352 140 23 montagnes
2762 5351 69 19 volca-

2316 5379 82 24 niques
2415 5381 40 22 qui
2470 5384 27 16 se
2512 5380 112 19 trouvent
2638 5384 32 15 au
2684 5379 46 20 sud
2746 5379 28 19 de
2791 5378 48 19 Sœ-

2318 5407 92 22 r.ibaya,
2432 5406 17 20 il
2470 5411 17 19 y
2507 5411 17 15 a
2544 5407 42 20 des
2607 5406 101 23 stations
2729 5405 100 25 fréquen-

2314 5433 57 21 tées.

2339 5471 29 5 —
2379 5461 38 22 En
2431 5463 116 20 revenant
2560 5462 28 20 de
2602 5462 60 22 Bail,
2676 5462 17 20 il
2707 5461 65 20 avait
2785 5465 44 20 pro-

2315 5490 47 19 mis
2380 5494 44 19 que
2443 5493 61 16 nous
2519 5494 17 18 y
2553 5488 144 22 monterions
2715 5488 97 20 bientôt,

2340 5527 30 6 —
2381 5517 41 20 Ma
2444 5516 115 25 première
2581 5516 98 20 victoire
2700 5520 56 16 sera
2778 5514 61 23 d'ob¬

2864 4684 62 20 tenir
2948 4684 62 20 cette
3040 4686 155 20 autorisation
3221 4691 7 15 :
3252 4686 68 23 mais,
3349 4687 37 22 ici,

2863 4712 169 20 l'autorisation
3051 4712 112 21 médicaie
3181 4715 29 19 de
3227 4715 67 19 votre
3312 4715 73 22 oncle,

2849 4732 70 71 Ipeut
2939 4741 126 23 beaucoup.

2886 4769 65 19 Avec-
2970 4773 45 16 une
3034 4769 110 24 angoisse
3165 4770 41 25 qui
3227 4771 99 20 relevait
3344 4776 30 16 en-

2861 4802 54 15 core
2934 4802 53 14 vers
3007 4802 38 15 ses
3066 4799 91 22 tempes
3176 4799 68 19 lirscs
3264 4799 34 19 les
3318 4800 65 19 coins

2862 4825 27 21 de
2898 4830 39 15 ses
2948 4829 66 19 yeux,
3025 4826 43 19 elle
3079 4826 88 20 suivait
3178 4831 42 15 sur
3230 4827 21 20 le
3262 4828 81 23 visage
3353 4828 30 19 de

2849 4851 4 9 '
2860 4856 29 17 m
2912 4853 137 23 belle-sceur,
3072 4853 77 20 l'effet
3176 4854 147 20 miraculeux
3351 4855 32 19 du

2859 4881 106 19 bonheur
2978 4882 105 19 entrevu.
3096 4882 33 20 Le
3143 4886 61 19 sang
3217 4881 60 23 était
3290 4887 93 16 remon-

2849 4924 4 3 .
2861 4908 23 20 té
2897 4913 46 14 aux
2954 4909 73 22 joues,
3040 4909 23 20 et
3075 4913 27 17 ce
3114 4908 83 22 n'était
3208 4909 53 24 plus
3273 4910 24 20 ia
3308 4910 75 20 fièvre

2849 4936 4 17 !
2861 4937 40 23 qui
2918 4936 81 19 faisait
3014 4936 81 21 briller
3108 4942 38 16 ses
3161 4941 69 19 yeux.
3246 4938 45 18 Los
3308 4937 76 21 lèvres

2849 4957 4 33 |
2861 4964 145 23 beugeaient,
3024 4969 56 15 sans
3097 4964 99 20 émettre
3214 4966 28 20 de
3258 4970 62 15 sons.
3337 4966 37 19 Ro-

2860 4992 39 20 sée
2920 4992 80 24 voyait
3019 4991 55 21 bien
3095 4992 94 25 qu'elles
3210 4994 175 20 murmuraient

2861 5020 140 19 nettement:

2884 5057 30 5 —
2926 5047 20 19 H
2961 5047 101 20 m'aime.

2884 5075 102 20 .Annette
3001 5074 89 23 n'avait
3103 5075 76 22 même
3194 5081 44 20 pas
3250 5076 77 22 douté.

2886 5112 28 5 —
2930 5102 64 21 Vous
3011 5104 102 19 resterez
3129 5108 56 16 mon
3200 5105 70 23 amie,
3286 5105 96 20 n'est-ce

2858 5130 59 25 pas?
2935 5130 87 21 dit-elle
3038 5131 52 20 tout
3107 5131 14 19 à
3138 5136 66 20 coup.

2884 5168 28 5 —
2926 5157 65 21 Oui—
3004 5158 66 20 Vous
3081 5158 22 22 le
3118 5163 70 16 savez
3201 5159 75 24 bien...

2883 5195 29 5 —
2925 5185 65 21 Vous
3004 5185 110 21 viendrez
3130 5191 60 17 nous
3205 5187 68 21 voir?

2885 5214 76 19 Rosée
2979 5218 87 16 secoua
3083 5214 25 20 la
3125 5214 49 21 tête
3192 5220 58 16 avec
3269 5221 33 15 un
3320 5216 63 21 doux

2860 5241 150 23 entêtement,
3031 5246 47 16 une
3097 5241 147 25 résignation
3264 5245 41 23 qui
3325 5246 49 19 met-

2860 5270 45 19 tait
2926 5268 17 20 à
2963 5269 69 24 peine
3052 5273 17 16 u
3106 5275 47 19 peu
3175 5271 154 21 d'amertume
3350 5277 32 16 au

2861 5298 53 19 coin
2929 5297 29 20 de
2972 5302 39 15 ses
3025 5296 85 22 lèvres;

2883 5334 28 6 —
2924 5324 61 24 Non,
3001 5329 13 15 c
3026 5324 96 25 darling
3133 5330 33 16 >-.
3181 5325 30 22 Je
3227 5331 31 17 ne
3275 5333 20 14 .e
3313 5332 61 21 pour-

2860 5353 50 19 rais
2930 5357 64 20 pas.
3014 5352 92 25 Auprès
3127 5353 29 21 de
3178 5354 104 24 l'amitié,
3303 5361 81 18 voyez-

2859 5385 65 18 veus,
2937 5380 17 19 il
2966 5384 17 21 y
2995 5380 80 21 aurait
3086 5380 106 23 l'amour.
3205 5382 32 21 Ce
3250 5384 74 20 serait
3337 5385 38 20 ter-

2860 5408 58 20 rible
2934 5412 61 19 pour
3009 5407 69 20 moi.
3094 5408 31 20 F;
3140 5408 90 25 gênant
3244 5415 61 20 pour
3318 5416 64 16 vous.

3019 5462 160 22 CHAPITRE
3191 5463 37 21 DC

2884 5517 33 21 Ce
2938 5517 39 21 fut
2997 5518 60 20 dans
3077 5522 34 16 un
3130 5519 104 24 pavillon
3252 5520 31 21 de
3303 5521 79 21 l'hôtel

3406 4690 29 18 de
3454 4684 212 30 'Xongkodjadjar,
3694 4688 56 21 dont
3776 4687 30 19 les
3830 4678 54 27 «?

3407 4719 67 19 cents
3496 4718 88 20 mètres
3605 4718 119 21 d'altitude
3744 4712 92 23 aidaient
3850 4708 34 40 Ij*

3395 4737 112 31 Ipérance
3524 4745 16 20 à
3557 4746 97 21 rétablir
3670 4747 25 20 la
3709 4742 65 23 santé
3789 4736 93 43 d'Ano^

3395 4771 128 33 [qu'arriva
3548 4774 23 19 la
3597 4773 112 25 première
3732 4771 64 20 lettre
3817 4766 24 19 àe
3857 4764 25 17 l*

3395 4795 4 34 \
3406 4802 67 21 mari,
3491 4802 48 21 fort
3556 4802 88 22 sensée,
3662 4807 28 14 en
3707 4799 61 25 dépit
3782 4797 26 20 de
3823 4794 58 34 **J\,

3404 4833 71 18 cœur,
3496 4830 29 20 de
3546 4831 25 19 la
3590 4830 104 23 jalousie,
3714 4830 24 18 et
3757 4827 37 19 des
3812 4823 20 19 ïn
3832 4824 50 36 "fl

3406 4857 63 20 tiens
3491 4859 80 19 contre
3594 4858 62 20 Mme
3682 4857 107 23 Payeme,
3813 4848 67 33 $*["

3405 4886 135 22 trouvaient
3558 4890 67 16 assez
3645 4880 170 29 régulièrement
3829 4876 53 22 &r*

3407 4913 64 20 dues.

3395 4942 4 44 |
3432 4954 77 22 Rosée
3528 4956 65 20 avait
3611 4956 59 20 donc
3689 4952 71 21 réussi
3777 4949 15 21 à
3804 4942 78 46 ^*5

3406 4982 117 21 admettre
3546 4988 45 19 que
3614 4988 43 15 son
3680 4982 69 20 union
3770 4982 28 16 ne
3816 4974 65 39 P°,fj

3406 5011 111 20 conduire
3535 5011 53 24 qu'à
3605 5016 45 16 une
3654 5006 159 24 "catastrophe,
3826 5003 24 20 1°

3407 5039 64 20 avait
3485 5038 55 24 déjà
3552 5039 74 25 perdu
3638 5044 46 17 une
3694 5036 72 26 partie
3778 5033 26 19 de
3815 5034 19 14 K
3835 5032 46 37 *^

3405 5067 71 23 sions,
3490 5067 55 24 qu'il
3558 5067 86 20 vivrait
3655 5061 133 25 finalement
3798 5062 25 18 en
3834 5057 10 17 É
3842 5057 38 39 ^

3406 5099 48 19 ger,
3470 5094 105 21 vls-i-vls
3590 5095 68 19 d'une
3672 5094 84 20 femme
3770 5088 21 20 bl
3791 5085 90 43 *"J~^

3407 5127 81 18 venue,
3501 5128 46 19 peu
3559 5122 15 20 à
3587 5128 52 19 peu,
3651 5126 43 21 par
3703 5121 24 20 la
3738 5119 60 19 toTCe
3803 5113 39 39 .^f
3837 5138 21 14 M
3867 5129 13 20 p

3407 5154 44 19 ses,
3479 5151 42 20 des
3548 5150 82 24 règles,
3658 5147 99 27 qu'avait
3775 5141 45 22 éd,c
3821 5141 59 38 **Jv

3406 5178 142 20 civilisation
3563 5177 148 22 occidentale,
3725 5178 41 19 son
3778 5169 85 22 enns»*

3432 5219 64 20 Mme
3513 5220 106 23 Payerne
3636 5219 32 20 fit
3684 5218 25 20 la
3724 5212 102 28 grimace:

3431 5270 27 5 —
3475 5261 39 19 S'il
3532 5262 49 19 voit
3598 5266 26 15 ce
3641 5265 43 20 que
3701 5259 26 19 tu
3743 5261 24 16 es
3782 5259 11 14 r
3793 5250 25 43 *j
3818 5255 10 14 e
3829 5246 65 47 *S|

3409 5288 17 20 il
3444 5289 134 20 retombera
3594 5291 126 17 amoureux
3735 5287 24 18 et
3773 5279 44 22 ceci
3830 5279 64 39 »*J|

3408 5317 71 19 tout..
3489 5317 29 20 Je
3530 5317 92 23 croyais
3634 5316 51 19 tout
3698 5314 27 19 de
3737 5310 56 21 mêm
3794 5313 12 16 *
3808 5334 6 13 I
3815 5310 38 37 ?4
3859 5307 35 35 #1

3408 5345 177 20 consentement
3598 5344 72 20 serait
3683 5342 50 25 plus
3746 5335 76 24 d,fficU
3823 5336 12 38 J
3856 5335 36 35 *l

3405 5372 118 22 crocher-.
3540 5373 36 19 La
3593 5373 96 23 rupture
3707 5364 102 25 officielle
3823 5363 67 37 "^1

3408 5401 113 24 mariage,
3535 5406 25 16 se
3575 5401 52 20 fera
3639 5398 17 21 à
3669 5396 73 24 Paris,
3754 5392 29 22 où
3794 5391 24 20 to
3828 5391 62 40 *J^|

3408 5433 82 20 greras
3509 5433 60 19 pour
3588 5432 34 16 un
3640 5427 76 23 temps
3733 5423 22 20 le
3771 5420 22 20 Io
3792 5421 33 21 -F*

3406 5460 42 17 rue
3465 5455 16 20 d
3481 5464 13 14 e
3511 5455 75 21 Seine.
