3738 5330
28 0 43 105 F

90 232 52 56 la
153 218 203 61 Dernière
370 216 141 55 Heure

92 315 120 32 n'accepte
245 312 152 26 moyennant
431 313 64 22 paye-

93 356 61 27 ment
173 348 76 26 direct
271 354 33 16 ou
325 344 112 27 indirect,
458 349 47 21 que

93 394 21 26 k
138 384 115 33 publicité
280 377 174 30 commerciale
480 381 25 20 et

93 422 125 32 financière
256 418 116 29 indiquée
408 421 98 19 comme

92 460 52 30 telle
159 466 32 17 au
208 457 100 26 lecteur,
327 462 44 21 par
388 461 32 16 un
437 450 67 29 «igné

93 493 119 34 dUtJnctif,
231 491 104 26 numéro
354 487 99 27 d'ordre
472 493 33 16 ou

93 531 103 32 mention
213 539 12 14 o
244 524 174 30 communiqué
434 532 24 15 ».

827 416 74 42 LE
929 418 153 43 PLUS
1112 421 211 39 GRAND
1352 422 286 42 JOURNAL
1665 422 216 47 BELGE,
1899 425 72 40 LE
1999 427 194 39 MIEUX
2221 414 341 52 RENSEIGNÉ

1326 479 226 31 BRUXELLES
1566 493 23 8 -
1602 484 59 35 52,
1673 482 80 30 RUE
1771 480 58 29 DU
1847 481 221 33 PONT-NEUF

2857 226 174 62 6ème:

2820 281 224 65 ÉDITION

2849 364 169 41 MATIN

622 579 72 29 31-
711 574 136 36 ANNÉE
863 597 39 7 —
920 580 42 30 N»
982 581 63 29 329

1586 581 132 30 MARDI
1740 582 42 28 24
1802 578 221 34 NOVEMBRE
2043 585 80 28 1936

2570 584 48 30 LE
2636 577 173 36 NUMÉRO
2821 584 42 28 30
2881 582 196 32 CENTIMES

3273 213 224 48 TOUT

3209 289 63 38 CE
3300 288 102 44 QUE
3430 286 136 39 VOUS

3286 337 202 44 DÉSIREZ

3308 406 72 26 PAR
3396 404 70 28 NOS

67 712 41 51 LE
137 690 282 61 MYSTÉRIEUX
453 695 87 44 AMI

116 774 58 39 DE
199 764 278 43 MARCELINE

69 881 39 25 l'un

90 842 67 28 Henri
167 839 31 25 de
209 833 123 28 Latouche
344 838 37 19 est
392 841 58 16 sans
462 831 77 26 doute

125 873 41 25 des
184 869 110 24 hommes
314 864 41 28 qui
376 869 45 19 ont
441 862 23 25 le
485 862 55 30 plus

77 913 61 21 etenu
149 896 132 30 l'attention
295 893 44 26 des
351 892 101 27 érudits.
466 889 73 33 Mais,

69 922 67 40 Ldis
148 938 44 23 que
205 925 93 27 ceux-ci
312 923 54 25 s'en
381 924 158 28 occupaient.

69 955 20 27 V
104 960 122 31 jmoraient
240 964 32 19 qu
283 955 42 24 lll
335 960 100 22 agissait
450 955 32 24 de
498 955 41 24 lui.

93 997 30 25 En
137 990 63 28 effet,
218 986 22 25 la
257 984 103 28 critique
378 983 118 26 littéraire
513 995 27 15 se

70 1021 123 34 demandait
209 1015 55 31 quel
283 1020 86 18 amant
387 1015 69 26 avait
475 1025 65 15 arra-

82 1059 27 24 hé
117 1064 34 18 ces
159 1047 102 30 sanglots
272 1047 164 22 harmonieux
447 1055 16 14 a
475 1047 65 23 Mar-

95 1089 41 24 line
145 1073 272 35 Desbordes-Valmore,
430 1075 23 26 le
464 1077 76 28 poète

70 1120 14 17 j
123 1126 10 13 ,,
147 1110 75 28 Pleurs
238 1116 22 16 ».
277 1104 62 25 dont
356 1105 22 25 le
393 1105 77 25 chant
486 1115 53 15 ren-

71 1130 70 47 dit'les
150 1142 79 26 larmes
240 1134 170 28 immortelles.

95 1178 34 23 On
144 1174 70 25 savait
231 1174 46 21 que
298 1169 136 21 Marceline
454 1169 7 21 I
471 1171 69 19 avait

72 1208 54 29 aimé
143 1211 27 17 au
179 1203 119 39 &*_»".
311 1204 10 15 r
317 1204 52 38 .f*?«
371 1205 10 14 r
383 1195 25 37 f
430 1194 43 32 I»*
473 1194 17 27 3
512 1206 27 15 se

73 1235 90 31 détacha
172 1230 15 27 d
195 1228 49 26 elle,
257 1234 33 20 qu
300 1228 49 22 elle
362 1228 32 22 lui
407 1228 132 27 pardonna

73 1278 22 18 et
107 1268 29 26 lui
148 1260 65 34 garda
224 1255 94 31 jusqu'à
333 1254 24 26 la
373 1254 35 26 fin
424 1265 48 15 une
487 1263 42 19 ten-

75 1301 73 26 dresse
159 1284 171 35 mélancolique.

102 1329 55 24 Pour
177 1319 153 28 comprendre
358 1319 7 21 1
376 1319 102 21 histoire
507 1319 32 21 de

78 1371 26 17 ce
122 1362 53 22 cœur
191 1347 121 29 élégiaque
335 1352 25 19 et
384 1345 154 25 merveilleu¬

80 1393 75 25 sement

167 1378 100 28 féminin,
288 1385 62 21 pour
369 1377 115 28 pénétrer
504 1376 35 24 les

2 3938 38 21 jnn.

2 3969 39 16 aiaj»

9 3985 35 32 F*

2 4028 16 15 ill
24 4022 18 20 ft

3 4062 41 17 TOtV

10 4082 34 16 Z»i-

4 4121 31 15 *n»

1 4136 32 20 Igsi-
43 4150 11 3 -

2 4406 42 20 IT.»

2 4428 41 22 *■*.

2 4446 38 26 ■•"•_

2 4468 21 14 Ira
29 4463 11 15 8

3 4498 10 16 '*
26 4496 39 26 Iss*

27 4510 18 18 '*

1 4532 44 30 f-S

2 4569 15 12 -..
31 4561 14 16 »'

1 4589 4 10 i
16 4583 34 16 ISA.

1 4764 37 16 ter.

4 4776 40 22 srletl

1 4802 43 26 <*m

1 4824 16 13 n.
29 4815 15 22 a

80 1408 75 39 ".urc-s
163 1411 27 26 de
200 1413 62 21 cette
274 1408 93 28 poésie,
381 1405 120 30 plaintive
513 1412 25 18 et

80 1439 130 36 «tonnelle,
235 1446 47 17 aux
307 1437 123 26 sonorités
456 1442 82 18 toutes

75 1473 102 33 nouvelles
197 1478 87 16 encore
308 1467 63 26 dans
395 1466 35 26 les
454 1466 84 25 lettres

72 1504 117 31 françaises,
211 1498 82 26 c'était
316 1497 56 30 plus
396 1506 48 21 que
468 1495 69 26 suffi-

70 1543 51 22 jant.
140 1532 58 26 Pour
219 1528 87 26 établir
330 1527 69 27 l'état
422 1527 58 25 civil
504 1526 34 25 du

70 1569 58 26 héros
138 1563 28 25 de
177 1561 141 27 l'aventure,
332 1558 85 27 c'était
430 1567 49 20 peu
489 1559 7 22 !

92 1592 117 30 Marceline
228 1590 75 26 avait,
325 1595 54 19 tout
399 1590 16 23 à
436 1587 24 26 la
481 1587 55 27 fois,

69 1627 49 27 livré
138 1632 41 16 son
205 1621 106 29 mystère
337 1627 26 18 et
389 1618 77 30 gardé
492 1628 45 15 son

67 1661 70 24 as-ecret.
153 1652 32 26 La
201 1650 67 26 seule
285 1649 136 26 indication
439 1658 33 16 un
490 1658 48 20 peu

68 1687 76 32 précise
163 1683 58 25 était
243 1680 96 26 fournie
362 1690 45 19 par
428 1689 44 29 un_
483 1688 56 15 vers

67 1719 66 25 disant
142 1722 44 21 que
197 1712 23 25 le
232 1712 104 29 prénom
348 1710 32 25 de
391 1710 91 29 l'aimé,
495 1719 44 20 par

66 1757 39 16 une
127 1750 61 20 sorte
216 1742 33 25 de
277 1741 205 30 prédestination,
511 1749 27 15 se

66 1775 88 29 trouvait
168 1774 83 25 inscrit
267 1772 63 25 dans
346 1771 22 25 le
384 1772 61 25 sien.
461 1770 44 26 Or.
522 1769 16 25 il

65 1804 112 32 s'appelait
194 1802 77 26 Henri
288 1809 25 19 et
330 1801 48 26 elle
395 1800 142 26 Marceline,

65 1848 22 16 ce
96 1837 43 29 qui,
149 1843 32 16 on
193 1844 31 14 ei.
236 1832 161 28 conviendra,
409 1841 32 15 ne
452 1842 27 14 se
490 1841 39 15 res-

65 1865 78 29 semble
167 1865 82 28 aa?uère.
276 1862 39 26 Un
342 1862 33 25 tel
402 1863 126 25 renseigne-

66 1903 61 21 ment,
145 1894 49 26 loin
214 1893 32 25 de
267 1893 103 25 faciliter
390 1893 35 25 les
444 1891 85 27 recher-

66 1929 53 26 ches,
139 1935 30 16 ne
191 1925 103 28 pouvait
316 1933 49 19 que
387 1922 36 26 les
445 1923 92 28 égarer.

67 1955 114 29 Marceline
203 1952 143 26 l"avait-elle
369 1953 84 24 donné
476 1952 63 24 dans

65 1999 22 16 ce
107 1987 56 25 but?
190 1982 134 27 Avait-elle
349 1984 39 27 agi
413 1992 45 19 par
484 1991 54 16 ruse

65 2017 119 28 féminine?
201 2013 81 27 Enfin,
298 2012 126 26 avait-elle
440 2013 95 24 menti?

86 2053 56 26 Non,
166 2049 131 27 Marceline
321 2050 59 25 était
405 2048 133 30 incapable

65 2085 25 26 de
103 2090 125 19 mensonge
247 2090 6 15 :
269 2081 62 23 mais
346 2079 23 25 la
386 2078 76 27 mode
477 2080 61 24 était

65 2114 52 26 alors
134 2121 46 16 aux
200 2110 134 26 nombreux
355 2110 125 28 prénoms.
503 2108 34 26 Le

64 2143 78 27 second
158 2152 31 15 ou
206 2141 21 25 le
243 2141 123 25 troisième
382 2140 106 29 prénom
505 2139 32 25 de

65 2173 117 27 Marceline
197 2171 101 25 dérivait
313 2170 34 25 du
363 2171 126 24 troisième
504 2180 33 14 ou

64 2206 27 25 du
101 2203 127 30 quatrième
240 2201 102 29 prénom
356 2199 32 26 de
401 2199 136 26 Latouche.

88 2234 57 25 Pour
167 2232 50 25 s'en
243 2232 86 25 aviser,
356 2230 16 25 il
398 2229 81 28 fallut,
506 2241 31 14 au

63 2274 62 17 cours
136 2263 41 26 des
189 2263 96 24 années,
300 2267 68 20 toute
381 2267 66 19 cette
461 2261 66 25 obsti-

64 2296 74 25 nation
150 2293 58 25 dans
221 2292 23 24 la
258 2291 153 24 vérification
427 2290 45 27 des
486 2298 41 19 tex-

63 2333 39 20 tes,
109 2334 43 20 que
162 2323 22 25 la
190 2322 110 26 curiosité
313 2327 59 24 peut
379 2321 98 25 donner
489 2331 49 16 aux

65 2355 87 27 érudits.
163 2353 33 25 Ce
207 2363 30 15 ne
249 2351 36 27 fut
297 2361 45 19 pas
354 2351 23 26 la
391 2352 73 25 tâche
476 2352 61 25 d'un

64 2388 48 27 jour
122 2387 5 22 !
155 2383 33 26 En
217 2382 135 26 attendant,
385 2382 33 25 de
451 2392 86 20 guerre

65 2417 63 25 lasse,
139 2424 29 16 on
178 2413 74 27 s'était
264 2413 95 28 résigné
370 2413 14 23 à
396 2414 80 23 croire
489 2423 48 19 que

66 2446 90 25 l'amant
183 2444 29 25 de
241 2442 142 29 Marceline,
415 2442 123 26 l'infidèle

67 2476 60 29 objet
150 2475 28 26 de
202 2479 48 20 tant
276 2473 128 25 d'ardents
430 2475 105 28 soupirs,

67 2507 52 24 était
133 2515 29 15 un
177 2506 106 24 inconnu,
300 2512 32 16 un
350 2513 135 20 anonyme,
504 2514 32 14 un

69 2537 28 25 de
106 2546 36 17 ces
151 2537 58 23 êtres
219 2535 36 29 qui
266 2533 120 25 allument
398 2543 32 15 un
444 2534 93 25 brasier

71 2567 54 25 dans
140 2575 29 15 un
188 2574 68 19 cœur,
276 2565 61 24 mais
357 2565 51 28 qui,
430 2574 63 19 pour
514 2564 22 25 le

72 2603 54 19 reste
137 2596 29 25 du
181 2594 88 27 monde,
283 2594 147 26 demeurent
445 2594 92 30 perdus

72 2627 54 25 dans
137 2626 19 25 la
167 2625 61 26 foule
238 2624 108 27 obscure.

92 2656 38 26 Or,
146 2656 53 23 d.ns
212 2654 22 25 le
248 2656 82 24 même
346 2662 89 21 temps,
452 2654 24 27 la
491 2656 34 24 cri-

63 2685 58 27 tique
132 2683 106 26 fîftéraire
252 2686 164 24 mentionnait
429 2692 107 19 souvent

62 2713 66 25 Henri
141 2712 30 25 de
188 2712 134 30 Latouche.
340 2725 57 16 sans
413 2725 124 19 soupçon-

61 2752 36 16 ner
111 2742 86 29 qu'elle
216 2745 67 22 citait
303 2746 61 22 ainsi
384 2745 62 24 celui
466 2745 71 26 dont,

62 2773 79 25 d'autre
169 2778 64 23 part,
261 2772 48 25 elle
337 2774 151 25 recherchait
515 2774 23 26 le

61 2813 46 16 nom
120 2812 62 15 avec
197 2812 48 15 une
260 2804 19 24 si
295 2804 73 24 vaine
383 2805 155 28 opiniâtreté.

83 2838 29 26 En
140 2838 71 28 effet,
243 2838 77 25 Henri
351 2839 33 25 de
413 2839 126 26 Latouche

61 2869 65 27 s'était
137 2870 97 27 imposé
246 2879 15 14 a
273 2869 140 25 l'attention
426 2869 114 30 générale

62 2910 23 15 en
100 2899 91 26 éditant
212 2899 35 25 les
267 2908 55 17 vers
342 2899 116 26 d'André
478 2900 53 25 Ché-

62 2931 40 25 nier
111 2939 44 20 que
167 2929 23 25 la
202 2936 64 18 mort
278 2930 157 28 prématurée
446 2930 32 25 de
490 2930 51 25 leur

63 2966 76 21 auteur,
162 2959 128 29 guillotiné
313 2969 45 19 par
382 2959 22 25 la
427 2959 105 26 Terreur

62 2991 53 24 avait
124 2990 82 24 laissés
218 2989 62 25 dans
292 2989 114 25 l'ombre.
419 2989 77 26 Henri
509 2991 32 24 de

63 3020 108 25 Latouche
190 3019 35 27 les
243 3021 68 25 avait
330 3019 157 28 découverts,
507 3027 33 20 et.

63 3051 69 24 enivré
144 3059 43 20 par
200 3049 51 25 leur
264 3049 99 27 beauté,
378 3056 54 19 tout
445 3060 85 16 ensem-

63 3080 31 25 ble
103 3079 109 26 nouvelle
224 3087 24 19 et
261 3081 144 24 ressuscitée
417 3080 32 26 de
461 3081 69 25 l'anti-

65 3120 43 20 que,
122 3110 76 26 s'était
214 3110 99 24 attaché
329 3112 13 22 à
361 3109 52 26 leur
430 3109 109 27 nnMicaaa-

65 3142 46 24 tion.
123 3139 96 27 Celle-ci
232 3150 32 15 ne
277 3146 132 19 rencontra
423 3140 116 30 d'abord,

66 3172 72 28 auprès
165 3170 43 27 des
237 3169 118 30 libraires,
387 3181 45 18 pas
462 3172 77 28 grand

65 3201 170 27 enthousiasme.
248 3200 46 26 Les
307 3200 123 28 Baudoin,
443 3207 87 19 notam-

66 3237 60 22 ment,
137 3232 124 25 contèrent
273 3230 106 30 qu'avec
393 3231 36 25 les
440 3241 100 17 œuvres

67 3260 25 27 de
112 3261 173 29 Marie-Joseph
311 3261 116 27 Chénier.
455 3262 75 25 haute-

68 3298 53 19 ment
138 3292 110 28 apprécié
267 3293 13 23 à
302 3290 118 29 l'époque
439 3302 101 15 comme

68 3322 88 24 écrivain
170 3322 159 28 dramatique,
345 3331 32 15 on
393 3321 52 26 leur
460 3322 78 27 offrit.

71 3361 8 13 n
92 3361 37 19 par
140 3361 152 16 convenance
306 3358 25 19 et
345 3361 100 16 comme
460 3362 69 15 assor-

69 3382 72 25 timent
160 3382 29 25 de
211 3383 107 27 magasin
344 3393 24 17 »,
391 3391 33 16 un
448 3383 90 25 recueil

69 3414 100 27 composé
186 3422 40 19 par
243 3422 31 15 un
293 3412 65 25 frère
377 3414 110 24 inconnu
505 3413 33 25 du

69 3441 83 26 célèbre
162 3449 84 20 auteur.

96 3477 151 29 Aujourd'hui,
266 3478 104 27 l'auteur
389 3480 82 24 mieux
490 3489 49 20 que

71 3506 94 30 célèbre,
193 3508 123 29 immortel,
352 3508 63 28 c'est
451 3510 88 25 André

74 3536 92 25 Chénier
180 3544 22 19 et
215 3538 177 31 Marie-Joseph
411 3550 31 15 en
460 3547 37 18 est
516 3540 22 25 le

77 3565 62 29 frère,
149 3568 61 25 sinon
220 3570 107 27 inconnu,
341 3569 85 26 oublié
439 3576 55 19 tout
507 3580 31 15 au

75 3596 76 25 moins.
162 3596 59 27 Nous
230 3598 88 28 devons
329 3602 15 22 à
358 3599 77 26 Henri
448 3601 33 24 de
493 3600 35 25 La-

72 3626 79 25 touche
164 3627 21 25 la
198 3629 124 26 révélation
339 3630 33 26 de
387 3637 40 19 cet
443 3637 37 19 art
496 3633 41 28 qui

71 3662 35 19 eut
124 3663 46 19 tant
186 3658 141 28 d'influence
346 3670 41 17 sur
408 3661 23 25 la
452 3662 86 29 poésie

71 3684 27 25 du
112 3685 60 26 XIX'
183 3689 73 26 siècle.
272 3690 158 30 Cependant,
448 3691 80 25 Latou-

71 3715 36 26 che
133 3726 78 22 exerça
239 3722 61 24 aussi
331 3731 49 16 une
412 3721 126 27 influence

72 3745 75 27 directe
169 3758 36 16 sur
228 3749 33 27 les
286 3752 122 27 écrivains
433 3752 33 26 de
491 3762 46 15 son

72 3780 70 26 temps.
164 3778 32 26 Ce
216 3790 30 15 ne
269 3781 35 26 fut
328 3784 71 28 point
423 3792 45 20 par
491 3792 46 16 son

73 3814 73 21 œuvre.
168 3809 94 27 Celle-ci
285 3822 31 16 ne
340 3814 87 25 réussit
451 3814 84 28 guère;

75 3836 47 26 doué
134 3838 28 27 de
175 3838 170 33 l'imagination
359 3850 25 19 et
398 3843 33 26 de
446 3843 23 25 la
483 3854 54 15 sen-

73 3867 69 25 obilité
154 3868 32 28 les
198 3870 51 29 plus
262 3874 76 26 vives,
353 3873 15 25 il
382 3873 96 25 n'avait
492 3883 46 20 pas

72 3897 16 22 la
96 3897 78 27 faculté
184 3900 29 26 de
224 3901 33 28 les
267 3905 123 27 exprime-
400 3913 64 17 avec
475 3904 51 25 hon-

72 3934 50 21 neur.
136 3928 58 28 Mais
207 3930 14 26 il
236 3931 36 27 fut
287 3943 62 20 pour
364 3934 36 27 les
414 3935 124 25 écrivains

72 3957 22 24 de
104 3967 22 15 sa
138 3961 133 27 génération
286 3973 31 16 un
334 3965 82 28 guide,
431 3974 33 16 un
479 3966 58 28 juge

71 3993 18 19 et
98 3996 26 17 un
136 3991 94 29 critique
244 3994 47 25 très
305 3995 47 26 sûr.
370 3994 16 25 Il
402 3996 96 24 orienta
514 3995 23 25 le

71 4024 53 20 («nie
134 4019 29 26 de
174 4020 90 31 Balzac,
277 4024 15 25 il
304 4024 119 26 conseilla
435 4032 33 20 et.
482 4025 55 30 plus

71 4048 56 25 dune
139 4049 50 29 fois,
202 4058 69 25 tança
284 4061 139 21 vertement
435 4055 102 30 George

71 4079 56 24 »nd.
145 4079 15 26 II
178 4091 28 16 ne
224 4082 31 26 lui
275 4085 149 29 pardonnait
445 4096 45 19 pas
508 4096 28 15 sa

72 4115 93 39 ■j*?
185 4112 66 27 lâche
271 4114 158 28 abondance,
454 4127 11 13 «
489 4116 48 26 Les

78 4139 157 30 Jiefs-d'ceuvre
251 4153 56 18 sont
323 4153 83 21 courts
425 4157 23 19 ».
466 4148 69 28 répé-

71 4169 53 25 •*"t-il
134 4171 12 23 à
157 4178 61 21 cette
232 4185 11 12 i.
259 4174 70 28 Muse
343 4187 11 13 »
371 4176 63 26 dont
446 4177 23 25 la
484 4177 52 30 plu-

71 4204 29 40 ije
107 4207 26 17 ne
141 4205 72 24 savait
225 4214 43 19 pas
278 4205 121 27 s'arrêter.
411 4206 53 26 Elle
475 4208 61 25 était

71 4230 46 24 liée
126 4230 19 25 le
154 4234 117 27 consulter
282 4245 31 15 au
325 4243 82 23 temps
418 4238 41 28 où.
472 4248 63 19 pour

72 4264 67 22 Sagner
158 4272 25 15 sa
204 4265 45 27 vie,
272 4265 48 26 elle
343 4267 106 29 hésitait,
472 4278 64 15 nous

72 4291 131 31 conte-t-elle.
223 4301 68 20 entre
312 4296 24 26 la
358 4299 112 27 peinture
491 4298 45 26 des

72 4321 93 26 éventails
177 4330 23 19 et
214 4325 140 28 tabatières,
370 4326 36 28 les
419 4331 117 26 portraits

72 4354 97 24 'quinze
189 4354 87 31 francs,
299 4363 25 18 et
346 4356 23 30 la
391 4357 143 27 littérature.

73 4382 40 36 _\*
125 4382 14 23 d
148 4391 43 18 une
209 4384 54 29 fois,
282 4386 15 25 il
317 4386 22 25 la
358 4397 111 20 renvoya
486 4399 48 15 aux

73 4411 103 28 olatières
191 4422 22 18 et
230 4426 47 15 aux
295 4419 124 27 portraits.
438 4418 17 26 II
472 4419 63 26 n'est

74 4443 30 32 f*»
117 4450 33 16 sur
167 4453 46 20 que
233 4446 22 25 la
275 4448 114 28 peinture
407 4458 16 20 y
443 4458 90 20 gagna;

75 4472 23 20 **
110 4472 69 29 lettres
195 4486 30 15 ne
243 4476 117 27 devaient
379 4479 50 24 rien
448 4489 15 19 y
482 4489 53 19 per-

75 4502 33 20 •*■
118 4502 88 32 George
218 4505 75 30 Sand,
307 4509 62 24 ainsi
384 4510 150 28 morigénée,

76 4536 55 21 Wit
143 4533 13 24 à
170 4544 25 16 se
210 4543 107 20 montrer
334 4537 56 30 plus
405 4540 130 29 exigeante

78 4562 38 45 ^>
132 4592 4 6 .
154 4564 144 28 elle-même.
348 4568 53 27 Elle
448 4570 87 25 écrivit

82 4592 100 44 [Wiana
204 4607 10 12 »
238 4607 31 15 au
289 4599 64 28 sujet
374 4599 33 25 de
428 4599 107 30 laquelle

82 4623 88 42 |*Wche
184 4625 30 25 lui
229 4627 119 29 adressait
363 4635 66 19 cette
444 4630 66 29 ligne
529 4641 6 14 :

96 4653 25 21 •*
129 4654 5 22 I
146 4663 53 18 mon
211 4657 95 30 enfant,
319 4668 48 16 *jue
378 4660 25 28 je
414 4661 51 24 suis
476 4670 58 15 con-

77 4682 32 21 *«
118 4682 26 25 de
155 4694 58 18 vous
222 4689 6 23 I
244 4699 11 13 »

71 4714 249 38 ^Malheureusement,
340 4735 48 19 peu
406 4727 82 28 après,
506 4726 30 25 ils

84 4760 9 6 **
109 4748 13 22 b
123 4750 137 32 ™uillèrent,
288 4761 24 19 et
341 4754 109 31 George,
478 4766 57 15 sans

416 4786 119 25 andonna

562 697 136 58 LES
752 696 388 61 COMBATS
1200 695 106 57 DE
1370 697 208 58 RUES

869 779 56 44 A
959 774 305 47 MADRID

621 886 209 41 L'ATTAQUE
844 884 89 36 DOIT
949 884 41 35 SE
1005 883 107 35 FAIRE
1126 883 142 36 MAISON
1283 884 75 36 PAR
1372 886 142 35 MAISON

623 979 27 35 A
665 969 256 45 CARTHAGÈNE.
936 975 68 35 DES
1025 975 251 37 SOUS-MARINS
1298 969 215 44 ÉTRANGERS

559 1027 187 35 AURAIENT
756 1017 178 48 ATTAQUÉ
947 1024 69 36 DES
1027 1024 157 37 NAVIRES
1201 1025 377 37 GOUVERNEMENTAUX

964 1073 213 38 ESPAGNOLS

929 1900 34 19 LE
978 1900 82 19 SIEGE
1072 1900 37 19 DE
1123 1900 113 18 MADRID

582 1922 31 18 La
627 1926 52 15 cour
693 1922 27 20 de
734 1923 23 19 U
771 1922 76 20 Prison
862 1923 90 20 modèle,
966 1923 36 23 qui
1018 1923 42 19 fait
1072 1923 73 22 l'objet
1156 1923 27 19 de
1194 1922 97 20 combats
1302 1922 106 19 acharnés
1419 1922 62 19 entre
1504 1921 32 19 les

820 1948 210 21 gouvernementaux
1047 1947 23 18 et
1082 1946 32 19 les
1129 1946 95 19 rebelles.
1240 1956 23 4 —
1279 1946 25 19 T.

583 1986 67 21 Avila,
661 1987 24 19 23
696 1988 122 20 novembre.
828 1998 26 5 —
864 1989 29 19 Le
904 1989 71 22 temps
985 1992 64 15 maus-

558 2009 53 20 sade
629 2010 36 23 qui
684 2012 103 19 «continue
805 2011 15 20 à
839 2011 55 19 sévir
913 2016 14 15 a
945 2011 115 22 contrarié,

557 2032 48 20 hier
619 2037 83 18 «encore,
717 2034 101 19 l'activité
832 2035 28 19 de
873 2035 117 21 l'aviation,
1004 2035 56 19 mais

557 2056 40 19 des
610 2056 70 20 forces
693 2057 158 20 considérables
865 2059 39 18 ont
917 2058 35 19 été
966 2062 82 15 rassem-

557 2079 59 20 blées
628 2084 55 19 pour
695 2085 64 19 puer
772 2081 14 19 à
799 2083 61 17 toute
872 2081 138 19 éventualité.

582 2103 29 19 Le
628 2106 70 20 temps
713 2109 14 14 a
743 2104 79 19 ralenti
837 2104 122 23 également
974 2104 23 20 la
1012 2104 47 20 vive

557 2127 90 22 attaque
657 2127 76 20 menée
742 2127 82 20 devant
834 2128 20 19 le
863 2129 54 22 pont
927 2128 27 19 de
964 2128 21 19 la
996 2128 51 18 Prin-

557 2154 59 15 cesse
639 2154 40 19 par
701 2150 32 20 les
754 2151 102 19 colonnes
878 2151 27 19 de
927 2151 84 23 gauche
1033 2151 27 19 de

558 2172 86 20 l'armée
657 2173 84 20 Varela.

582 2196 41 19 Les
632 2196 144 23 légionnaires
786 2198 23 19 et
818 2197 31 19 les
859 2197 109 23 regulares
977 2202 23 15 se
1010 2198 50 19 sont

558 2219 98 23 emparés
685 2220 52 19 d'un
766 2220 40 20 ilôt
835 2220 147 20 d'Immeubles
1010 2220 50 20 d'où

557 2242 137 21 l'adversaire
709 2244 107 19 harcelait
831 2243 32 20 les
877 2244 131 19 assaillants.

862 2289 41 26 LE
919 2289 88 26 CHEF

813 2332 240 27 SYNDICALISTE

826 2382 222 35 BUEN'VENTURA

872 2434 122 36 DURRUTI

844 2486 42 28 qui
908 2490 38 19 est
964 2490 64 19 mort

867 2521 46 25 dea
929 2522 77 24 suites

821 2557 33 25 de
864 2567 41 15 ses
915 2557 18 25 h
943 2567 104 18 essures,

853 2603 86 21 reçues
957 2604 51 19 pen-

818 2630 63 25 dant
897 2640 33 15 un
946 2630 104 25 combat

826 2667 94 25 devant
933 2666 109 26 Madrid.

998 2712 28 4 —
1033 2707 23 18 C.

557 2756 30 19 ns
596 2756 117 23 procèdent
723 2756 27 19 de
760 2756 22 18 la
793 2755 65 22 façon
868 2754 100 19 suivante
976 2758 7 15 :
991 2753 68 24 Après

581 2779 60 19 avoir
652 2779 79 23 «occupé
742 2784 42 14 une
795 2778 91 21 maison,
897 2778 26 18 ils
934 2778 125 22 pratiquent

582 2808 52 13 avec
650 2803 38 18 des
703 2802 127 19 cartouches
845 2802 28 18 de
888 2801 112 22 dynamite
1016 2805 43 15 une

582 2825 78 19 brèche
672 2825 15 19 à
699 2825 76 22 l'étage
787 2824 111 23 supérieur
910 2824 56 19 dans
977 2824 21 19 le
1010 2829 49 14 mur

583 2849 27 18 de
625 2849 22 18 la
663 2848 83 19 maison
763 2847 86 21 voisine,
865 2847 48 23 puis
928 2847 27 19 ils
971 2847 88 19 lancent

583 2872 38 18 des
645 2871 104 22 agrenades
772 2871 22 18 et
819 2872 93 21 saunent
937 2871 54 18 ainsi
1016 2875 43 14 une

584 2894 59 22 pièce
655 2894 64 23 après
731 2894 83 19 l'autre.

584 2918 99 18 D'autres
708 2917 105 22 grenades
838 2918 50 19 sont
912 2916 68 23 jetées
1004 2917 56 19 dans

560 2939 102 20 l'escalier
676 2943 22 16 et
713 2941 26 18 Ils
753 2940 131 20 descendent
898 2940 55 19 ainsi
969 2945 28 14 au
1012 2944 47 15 rez-

561 2963 141 19 de-chaussée
720 2967 54 19 pour
792 2964 108 18 remonter
917 2964 23 19 et
958 2963 101 23 procéder

561 2986 27 19 de
602 2986 22 19 la
638 2985 69 20 même
723 2987 63 22 façon
801 2986 56 20 dans
871 2987 128 19 l'immeuble
1013 2987 34 19 sui-

561 3010 59 18 vant.
632 3019 23 5 —
666 3009 80 20 Havas.

598 3052 10 8 -
621 3044 130 18 L'ENNEMI
764 3044 17 19 A
794 3044 51 19 ETE
857 3044 142 20 REPOUSSE
1011 3052 11 9 >

585 3072 151 23 Salamanque,
749 3073 23 19 23
786 3073 120 19 novembre.
919 3083 24 4 —
956 3074 92 19 Commu-

561 3095 64 23 niqué
636 3095 82 20 officiel
729 3096 29 19 du
770 3096 27 19 G.
808 3096 26 22 Q.
846 3096 27 20 G.
884 3095 15 20 à
910 3096 79 20 minuit
1003 3101 6 14 :

584 3119 44 19 Sur
639 3118 20 20 le
671 3119 61 19 front
743 3119 27 19 de
782 3119 22 19 la
816 3119 21 19 5*
849 3119 97 22 division,
958 3119 102 20 l'ennemi

560 3145 14 15 a
584 3141 95 24 attaqué,
690 3146 28 15 au
729 3146 63 15 cours
802 3142 27 20 de
840 3142 22 20 la
873 3143 48 19 nuit
932 3143 22 19 et
965 3147 28 15 au
1004 3143 56 23 petit

559 3164 56 23 jour,
624 3165 56 20 dans
690 3165 20 19 le
719 3166 85 19 secteur
813 3165 143 20 d'Alcublerre
972 3166 19 19 II
1001 3170 14 15 a
1024 3165 35 20 été

559 3188 106 22 reapoussé.
687 3188 158 20 abandonnant
864 3190 107 22 quarante
992 3190 68 19 morts

560 3212 23 18 et
594 3215 30 15 un
637 3211 64 20 tank.-

584 3234 43 19 Sur
644 3235 20 19 le
683 3235 60 19 front
760 3235 28 19 de
805 3235 93 22 Madrid,
915 3239 41 15 nos
973 3236 87 22 troupes

559 3258 40 18 ont
613 3257 67 23 élargi
697 3258 21 19 la
734 3257 78 21 brèche
827 3259 88 19 ouverte
930 3258 50 24 près
994 3258 27 20 de
1037 3259 22 19 la

559 3280 43 19 cité
617 3281 150 20 universitaire
782 3281 55 20 dans
853 3281 20 20 le
888 3281 61 20 front
964 3282 27 19 de
1006 3282 41 19 l'en-

559 3304 57 18 nemi
629 3305 23 18 et
662 3304 125 22 organisent
799 3304 31 20 les
841 3304 105 24 positions
957 3305 102 23 acquises.

583 3327 43 19 Sur
641 3327 31 19 les
687 3328 74 19 autres
776 3328 77 22 fronts,
868 3328 47 19 rien
930 3328 15 19 à
960 3328 99 23 signaler.

559 3360 24 4 —
596 3351 78 19 Havas.

583 3379 56 18 UNE
659 3379 130 23 ATTAQUE
809 3380 18 18 A
846 3380 189 19 CARTHAGENE

583 3407 92 21 Madrid,
690 3407 23 20 23
729 3408 120 19 novembre.
864 3418 24 5 —
903 3408 156 24 Communiqué

559 3430 29 20 du
600 3430 111 20 ministère
723 3431 26 20 de
761 3431 52 20 l'Air
825 3432 23 19 et
859 3432 27 19 de
899 3431 21 20 la
932 3432 85 20 Marine
1029 3432 30 19 du

558 3454 24 18 22
595 3454 115 19 novembre
725 3458 6 15 :

583 3478 30 18 Ce
629 3478 76 21 matin,
720 3477 14 20 à
749 3478 12 19 9
776 3478 84 22 heures,
875 3478 107 23 plusieurs
997 3483 61 15 sous-

559 3500 82 19 marins
655 3501 148 22 appartenant
817 3501 14 19 à
847 3506 42 15 une
905 3501 63 20 flotte
983 3501 63 20 étran-

558 3523 55 23 gère,
631 3528 163 18 croyons-nous,
813 3524 89 23 puisque
920 3525 32 19 les
970 3524 89 20 rebelles

558 3547 61 19 n'ont
629 3547 80 22 jamais
718 3547 89 23 possédé
817 3548 27 19 de
854 3552 36 15 ces
899 3547 110 22 éléments,
1020 3549 40 19 ont

558 3570 89 23 attaqué
664 3571 38 19 des
717 3571 86 19 navires
818 3571 28 19 de
862 3571 62 19 notre
941 3571 87 20 escadre
1044 3571 15 19 à

558 3593 88 20 l'entrée
659 3594 28 19 du
701 3595 50 22 port
763 3594 27 19 de
803 3593 144 24 Carthagène.

582 3617 48 19 Une
651 3617 39 19 des
711 3617 96 23 torpilles
828 3617 86 20 lancées
936 3618 80 19 toucha
1038 3617 20 20 le

558 3640 94 19 croiseur
669 3649 8 8 «
696 3641 118 19 Cervantes
832 3649 17 14 »,
865 3641 30 19 lui
912 3642 93 18 causant
1021 3641 37 19 des

558 3663 89 19 avaries.
661 3664 40 19 Les
714 3665 74 18 autres
803 3663 101 24 torpilles,
919 3664 85 19 lancées
1019 3669 39 18 par

558 3691 30 15 un
605 3687 63 19 autre
685 3687 133 20 sous-marin
835 3688 75 19 contre
927 3687 20 20 le
964 3688 95 19 croiseur

559 3718 8 8 ■
586 3710 178 20 Mendez-Nunez
782 3719 16 14 »,
815 3711 62 19 n'ont
893 3715 40 19 pas
949 3710 65 20 causé
1031 3711 27 19 de

558 3732 81 24 dégâts.
651 3744 25 4 —
687 3734 80 19 Havas.

595 3768 39 20 ON
648 3768 36 19 NE
699 3768 64 20 SAIT
776 3768 68 20 RIEN
858 3769 18 19 A
889 3769 130 19 LONDRES

581 3797 101 22 Londres,
699 3797 24 19 23
741 3798 121 19 novembre.
879 3808 25 4 —
921 3797 137 23 L'amirauté,

557 3820 126 23 interrogée,
698 3825 24 15 ce
737 3821 76 22 matin,
828 3821 27 19 de
870 3821 71 19 bonne
955 3821 73 22 heure,
1043 3826 15 15 a

557 3843 84 20 déclaré
663 3844 82 19 n'avoir
768 3849 38 17 pas
828 3844 156 20 connaissance
1006 3844 51 20 d'un

557 3867 97 19 inclc'ent
668 3867 36 23 qui
720 3872 23 15 se
758 3868 66 19 serait
839 3868 87 23 produit
940 3867 15 20 à
969 3867 88 20 l'entrée

557 3890 28 19 du
604 3891 48 22 port
669 3890 27 20 de
712 3890 137 23 Carthagène
866 3891 62 19 entre
945 3891 38 19 des
999 3891 47 19 bâti-

557 3915 72 18 ments
640 3915 210 21 gouvernementaux
862 3914 114 23 espagnols
987 3914 22 19 et
1020 3914 38 19 des

556 3937 144 19 sous-marins
720 3937 112 22 étrangers
851 3937 92 22 opérât
962 3942 56 19 pour
1036 3938 21 19 le

557 3961 85 22 compte
655 3961 38 19 des
705 3960 104 23 insurgés.
821 3970 24 5 —
858 3961 87 19 Reuter.

557 3994 202 20 CANTACUZENE
772 3995 72 20 CHEZ
857 3996 48 19 LES
919 3996 138 19 REBELLES

580 4024 80 22 Berlin,
674 4024 24 19 23
712 4024 122 20 novembre.
848 4034 25 5 —
886 4024 35 20 On
936 4024 79 20 mande
1030 4024 27 19 de

556 4048 105 19 Bucarest
673 4051 29 15 au
714 4048 76 19 D.N.B.
806 4051 6 16 :

581 4071 28 19 Le
623 4070 87 23 général
723 4070 157 22 Cantacuzène,
893 4071 51 19 chef
956 4070 30 20 du
999 4071 58 23 parti

557 4102 9 9 •
582 4094 58 19 Tout
655 4098 54 19 pour
723 4093 21 20 le
758 4098 54 19 pays
827 4102 9 9 >
852 4094 37 23 qui
903 4094 108 19 constitue
1026 4098 30 15 un

556 4118 166 22 reagroupement
734 4117 27 20 de
774 4117 22 19 la
808 4117 66 23 garde
887 4117 27 20 de
927 4117 40 22 fer,
980 4122 14 15 a
1007 4117 37 19 l'in-

557 4141 84 19 tention
659 4141 27 19 de
703 4145 23 15 se
743 4140 77 20 rendre
838 4145 27 15 en
882 4141 104 22 Espagne,
1003 4140 15 20 à
1034 4141 23 19 la

556 4164 44 20 tête
613 4164 51 19 d'un
677 4168 80 19 groupe
769 4164 27 19 de
808 4163 157 24 personnalités
977 4164 27 19 de
1016 4168 40 15 son

556 4187 58 24 parti
631 4191 55 19 pour
703 4188 102 18 remettre
822 4191 29 16 au
868 4186 87 24 général
972 4188 84 18 Franco

556 4215 29 15 un
600 4210 64 20 sabre
677 4210 127 20 d'honneur.

580 4235 29 19 Le
622 4233 87 24 général
723 4234 23 19 et
758 4238 35 15 ses
805 4237 147 19 compagnons
965 4233 79 20 deman-

555 4258 79 19 deront
661 4256 85 21 ensuite
773 4256 15 20 à
815 4256 47 20 être
889 4256 85 20 enrôlés
1000 4257 56 19 dans

556 4280 87 21 l'armée
654 4280 112 20 nationale
778 4280 30 20 du
820 4279 87 24 général
919 4280 89 20 Franco.

1103 1989 100 18 D'autres
1224 1988 106 20 membres
1350 1988 30 19 du
1400 1987 58 24 parti
1478 1987 100 19 roumain

1079 2012 98 19 suivront
1190 2011 49 23 plus
1253 2012 49 19 tard
1316 2012 35 19 cet
1364 2011 102 23 exemple.

1103 2035 36 19 On
1155 2034 85 20 déclare
1254 2035 56 19 dans
1326 2035 31 18 les
1373 2034 86 19 milieux
1476 2033 28 19 du
1520 2033 58 23 parti

1079 2062 42 19 que
1135 2058 86 19 celui-ci
1237 2062 14 15 a
1266 2057 74 20 décidé
1355 2057 27 19 de
1397 2057 67 19 lutter
1478 2061 55 19 pour
1548 2056 31 19 les

1079 2081 108 23 princiapes
1201 2081 30 19 du
1245 2081 160 19 christianisme
1420 2081 22 18 et
1457 2080 27 19 de
1500 2080 21 19 la
1537 2084 30 14 na-

1080 2105 52 21 tion,
1143 2106 24 18 et
1177 2105 63 22 qu'on
1251 2108 29 15 ne
1291 2104 96 19 reculera
1397 2108 40 19 pas
1448 2102 119 20 éventuelle-

1080 2128 61 19 ment
1153 2128 80 19 devant
1246 2127 22 19 la
1281 2128 63 18 mort.

1103 2151 89 19 Comme
1207 2151 22 19 la
1244 2151 82 18 France
1341 2154 14 15 a
1370 2149 72 20 refusé
1456 2149 21 20 le
1491 2149 45 19 visa
1551 2149 28 19 de

1079 2174 86 22 transit,
1182 2174 22 19 la
1220 2173 121 23 délégation
1359 2173 112 19 roumaine
1487 2177 24 15 se
1528 2177 38 14 ren-

1079 2197 40 19 dra
1131 2201 28 16 en
1171 2197 98 22 Espace
1281 2197 35 19 via
1328 2196 130 22 Hambourg.
1471 2206 23 4 —
1506 2195 73 23 Belga.

1156 2225 147 20 TOUJOURS
1320 2225 52 19 DES
1389 2225 113 18 BOMBES

1239 2249 56 19 SUR
1307 2248 113 19 MADRID

1103 2277 93 22 Madrid,
1211 2277 24 19 23
1251 2277 121 20 novembre.
1388 2287 24 4 —
1428 2277 33 19 Au
1476 2276 57 19 lever
1549 2276 29 20 du

1078 2301 56 22 jour,
1150 2305 31 15 un
1197 2301 64 19 avion
1277 2300 140 20 nationaliste
1433 2305 13 14 a
1462 2299 116 20 bombardé

1078 2324 94 20 Madrid.

1103 2348 49 19 Une
1175 2347 78 19 bombe
1277 2348 33 18 est
1333 2346 138 20 notamment
1495 2345 84 21 tombée

1079 2371 56 19 dans
1148 2371 22 19 la
1182 2375 53 15 cour
1247 2370 29 19 du
1291 2370 110 19 ministère
1414 2370 27 19 de
1455 2370 21 19 la
1490 2370 89 18 Guerre.

1103 2394 49 19 Une
1164 2394 64 19 autre
1241 2394 33 19 est
1287 2393 84 20 tombée
1384 2393 61 23 place
1458 2393 27 19 de
1497 2393 83 21 Bilbao,

1079 2417 66 19 tuant
1158 2421 30 15 un
1202 2417 65 22 jeune
1281 2421 85 18 garçon.

1103 2441 41 18 Les
1153 2441 74 18 autres
1237 2440 87 19 bombes
1334 2441 39 18 ont
1383 2439 80 20 atteint
1473 2439 31 19 les
1513 2443 54 19 quar-

1079 2463 52 20 tiers
1144 2463 58 19 Nord
1215 2463 27 19 de
1255 2463 22 19 la
1289 2463 99 23 capitale.
1402 2473 23 4 —
1438 2463 78 18 Havas.

1115 2493 33 18 LE
1161 2492 126 19 MAUVAIS
1300 2491 92 19 TEMPS
1406 2491 74 19 GENE
1493 2491 49 19 LES

1246 2514 177 20 OPERATIONS

1103 2544 92 20 Madrid.
1214 2544 25 19 23
1259 2543 121 20 novembre.
1400 2553 23 4 —
1443 2543 18 19 A
1480 2543 60 21 midi,
1559 2542 19 19 le

1078 2567 80 19 conseil
1171 2572 27 14 (.c.
1213 2567 22 19 la
1248 2566 88 20 défense
1350 2566 27 20 de
1391 2566 86 20 Madrid
1492 2571 13 14 a
1519 2569 48 16 com-

1078 2589 103 24 muniqué
1190 2594 6 15 :

1104 2622 8 6 «
1120 2614 40 18 lies
1174 2613 124 22 opérations
1311 2612 130 19 continuent
1454 2612 14 19 â
1481 2612 47 19 être
1541 2612 26 22 gê-

1078 2636 52 19 nées
1142 2640 41 18 par
1196 2636 20 18 le
1229 2635 99 20 mauvais
1341 2636 76 21 temps.

1102 2659 76 18 Aucun
1194 2659 147 21 changement
1358 2659 120 21 important
1492 2658 37 19 n'a
1545 2657 35 19 été

1077 2681 91 24 apporté
1183 2686 29 15 au
1227 2686 64 14 cours
1305 2682 39 19 des
1360 2680 109 20 dernières
1484 2681 25 19 24
1525 2681 42 18 heu-

1077 2710 41 17 res,
1130 2710 38 15 sur
1180 2705 32 19 les
1223 2706 96 18 secteurs
1331 2704 29 20 du
1374 2704 61 20 front
1447 2704 28 20 de
1487 2704 93 19 Madrid.

1101 2729 19 18 A
1134 2728 149 20 Carabanchel
1297 2727 52 23 seul,
1363 2732 43 15 une
1420 2728 57 19 forte
1490 2728 89 22 attaque

1077 2752 28 19 de
1116 2752 22 19 la
1153 2751 70 23 légion
1237 2751 114 23 étrangère
1377 2756 14 14 a
1417 2751 35 19 été
1467 2751 112 22 repoussée

1077 2780 40 18 par
1130 2775 32 19 les
1175 2775 70 19 forces
1259 2775 219 22 gouvernementa.es.

1102 2799 44 19 Nos
1160 2799 88 22 troupes
1261 2799 40 18 ont
1326 2798 45 23 pris
1397 2797 49 23 pied
1460 2798 56 19 dans
1530 2797 37 23 plu-

1078 2822 68 19 sieurs
1162 2822 96 19 maisons
1286 2826 41 18 que
1356 2821 101 19 l'ennemi
1474 2821 60 19 avait
1550 2820 30 20 dû

1078 2845 141 19 abandonner
1234 2850 51 14 sous
1301 2846 19 18 le
1349 2844 178 20 bombardement
1544 2845 23 18 in-

1078 2869 67 19 tensif
1161 2869 27 19 de
1201 2869 62 18 notre
1280 2868 109 20 artillerie,
1407 2875 9 11 ■
1435 2878 23 4 —
1476 2868 79 18 Havas.

1151 2898 57 19 UNE
1222 2898 160 19 EXPLOSION
1396 2898 18 18 A
1428 2897 78 21 BORD

1114 2921 40 20 DU
1166 2930 10 8 -
1188 2922 110 19 MIGUEL
1310 2922 36 18 DE
1358 2921 163 20 CERVANTES
1533 2929 10 8 -

1102 2951 101 21 Londres,
1213 2951 24 19 23
1248 2950 121 20 novembre.
1379 2961 26 4 —
1414 2950 65 19 Selon
1490 2955 43 14 une
1544 2950 23 19 in-

1080 2974 117 19 formation
1208 2978 109 19 parvenue
1328 2974 14 19 à
1352 2973 127 22 l'amirauté,
1490 2974 20 19 le
1520 2978 48 15 com-

1080 2997 107 19 mandant
1225 2997 29 20 du
1293 2998 111 21 destroyer
1442 2997 138 23 britannique

1080 3029 8 8 «
1103 3020 127 20 Glowworm
1246 3029 16 13 »,
1275 3021 36 23 qui
1325 3025 23 15 se
1362 3021 95 19 trouvait
1471 3020 47 20 hier
1531 3025 36 14 ma-

1079 3044 33 19 tin
1129 3048 28 15 au
1174 3044 59 22 large
1249 3044 28 19 de
1292 3043 145 23 Carthagène,
1453 3048 14 15 a
1483 3043 43 20 fait
1542 3048 25 15 sa-

1078 3067 47 19 voir
1143 3067 51 23 qu'il
1213 3072 14 18 y
1247 3068 59 18 avait
1326 3072 26 15 eu
1373 3071 43 16 une
1436 3066 109 24 explosion
1565 3066 14 20 à

1079 3091 52 18 bord
1149 3091 29 19 du
1195 3091 94 19 croiseur
1306 3091 102 22 espagnol
1428 3105 7 3 .
1454 3090 81 23 Miguel
1552 3090 27 20 de

1079 3114 118 19 Cervantes
1210 3122 8 9 »
1233 3118 41 19 peu
1287 3114 63 22 après
1361 3114 12 19 9
1386 3114 83 20 heures.

1103 3137 30 20 Le
1144 3146 8 8 «
1165 3138 80 22 Miaguel
1256 3137 27 19 de
1294 3138 142 20 Cervantes»,
1447 3137 100 24 donnant
1553 3137 27 19 de

1079 3161 21 18 la
1116 3161 77 21 bande,
1209 3161 72 19 aurait
1303 3161 84 19 ensuite
1409 3160 35 20 été
1467 3161 111 23 remorqué

1079 3184 55 19 dans
1146 3184 20 19 le
1179 3184 55 23 port.
1246 3193 26 5 —
1283 3184 87 20 Reuter.

1078 3219 128 23 ATTAQUÉ
1230 3219 55 19 PAR
1308 3219 53 20 DES
1386 3219 192 19 SOUS-MARINS

1244 3242 167 19 ETRANGERS

1101 3271 101 21 Londres,
1224 3271 24 19 23
1270 3271 122 19 novembre.
1416 3281 23 4 —
1460 3271 34 19 Au
1516 3275 63 15 cours

1078 3294 63 20 d'une
1160 3294 64 20 visite
1242 3294 14 20 à
1275 3295 30 18 M.
1325 3294 66 22 Eden,
1410 3294 169 19 l'ambassadeur

1078 3317 118 23 d'Espagne
1221 3317 14 19 à
1259 3317 95 19 Londres
1379 3321 13 15 a
1417 3316 106 20 confirmé
1547 3316 32 21 les

1077 3340 109 20 nouvelles
1214 3340 59 19 selon
1302 3340 111 23 lesquelles
1442 3340 19 19 le
1485 3339 94 20 croiseur

1077 3363 190 23 gouvernemental
1292 3371 8 8 ■«
1326 3363 81 23 Miguel
1431 3365 27 18 de
1481 3364 85 19 Cervan-

1077 3387 34 19 tes
1130 3395 9 8 <>
1159 3387 72 19 aurait
1249 3386 35 20 été
1302 3386 86 20 victime
1407 3386 64 20 d'une
1489 3386 89 23 attaque

1078 3410 27 19 de
1119 3409 145 20 sous-marins
1279 3409 117 23 étrangers.

1101 3434 31 18 La
1146 3433 151 19 conversation
1312 3437 14 15 a
1340 3433 68 23 porté,
1423 3432 83 20 d'autre
1522 3432 56 24 part,

1076 3460 38 15 sur
1134 3456 122 19 l'ensemble
1276 3456 27 20 de
1323 3456 22 20 la
1364 3455 106 20 situation
1489 3460 29 15 en
1539 3457 27 18 Es-

1077 3483 77 19 pagne.
1169 3489 24 4 —
1208 3479 86 20 Reuter.

1150 3515 128 18 DEMENTI
1291 3514 52 17 n^«
1359 3514 157 19 AUTORITES

1250 3538 37 18 DE
1301 3537 115 20 BURGOS

1101 3567 101 22 Londres,
1216 3567 24 19 23
1255 3567 121 19 novembre.
1390 3576 25 5 —
1435 3566 40 20 Les
1490 3566 88 19 milieux

1076 3590 166 23 diplomatiques
1255 3590 84 22 anglais
1352 3591 128 22 rapportent
1493 3594 40 19 que
1548 3590 31 18 les

1078 3614 105 19 autorités
1194 3614 27 19 de
1233 3614 83 22 Burgos
1328 3614 39 18 ont
1379 3613 96 19 démenti
1487 3617 41 19 que
1541 3613 38 19 des

1078 3637 68 19 tracts
1161 3636 73 20 lancés
1249 3641 38 15 sur
1301 3637 87 19 Madrid
1404 3637 60 19 aient
1479 3637 100 19 annoncé

1077 3660 15 19 à
1104 3660 22 19 la
1137 3660 126 23 population
1275 3660 21 19 la
1307 3660 133 19 destruction
1451 3660 27 19 de
1489 3660 22 19 la
1523 3659 54 23 ville,

1077 3689 29 14 au
1121 3688 37 15 cas
1173 3683 75 20 où*les
1263 3684 87 22 troupes
1365 3683 214 23 gouvernementales

1077 3707 145 20 refuseraient
1231 3707 27 19 de
1269 3711 23 15 se
1302 3707 84 19 rendre.
1398 3717 23 4 —
1432 3707 87 19 Reuter.

1138 3742 114 20 FRANCO
1266 3743 43 18 N'A
1324 3743 51 19 PAS
1389 3743 133 20 REPONDU

1100 3772 102 22 Londres,
1215 3772 24 19 23
1251 3771 122 20 novembre.
1386 3782 25 4 —
1424 3772 36 19 On
1473 3773 55 19 croit
1540 3776 26 15 sa-

1076 3796 47 19 voir
1138 3800 41 18 que
1194 3795 31 19 sir
1241 3795 73 23 Henry
1330 3794 89 20 Chllton
1436 3800 13 14 a
1466 3796 75 19 insisté
1563 3796 15 18 à

1076 3823 98 15 nouveau
1201 3818 78 23 auprès
1306 3818 38 19 des
1371 3818 161 23 représentants
1548 3819 29 19 du

1078 3843 168 22 gouvernement
1261 3842 27 19 de
1304 3842 83 22 Burgos
1414 3846 54 18 pour
1498 3842 80 23 qu'une

1076 3865 91 23 réponse
1180 3865 36 20 fût
1229 3865 54 20 faite
1297 3869 42 16 aux
1353 3864 126 21 démarches
1492 3866 74 19 britan-

1077 3889 81 23 niques.

1099 3913 30 19 Le
1145 3912 87 23 général
1247 3912 85 19 Franco
1348 3912 41 22 n'a,
1405 3917 27 14 en
1449 3912 61 22 effet,
1526 3912 38 19 tou-

1076 3936 60 22 jours
1153 3940 39 18 pas
1210 3935 43 20 fait
1269 3934 113 20 connaître
1400 3940 34 14 ses
1451 3935 126 23 intentions,

1075 3964 29 14 en
1116 3963 24 15 ce
1154 3959 37 23 qui
1205 3963 105 15 concerne
1324 3958 22 19 la
1361 3962 53 16 zone
1428 3959 76 19 neutre
1520 3960 21 18 et
1556 3959 20 19 le

1075 3982 85 23 préavis
1176 3982 26 20 de
1215 3982 178 19 bombardement
1409 3982 27 19 de
1453 3982 122 19 Barcelone.

1076 4016 25 4 —
1112 4006 88 19 Reuter.

1599 699 125 57 LES
1747 696 346 62 FAISEURS

1669 776 59 44 DE
1744 773 276 48 DICTATURES

1633 868 79 30 TOUS
1731 867 61 31 ONT
1812 865 164 34 CCM_ENCÉ
1996 871 62 28 PAR

1687 910 134 31 FLATTER
1841 910 34 30 LE
1892 912 112 31 PEUPLE

1623 980 84 29 POUR
1725 979 34 29 LE
1781 977 135 32 BOUCLER
1934 981 132 35 ENSUITE,

1651 1023 37 29 ET
1706 1021 92 30 VIVRE
1816 1020 22 29 A
1855 1021 50 31 SES
1928 1018 111 35 DÉPENS

1599 1116 43 46 D
1729 1101 41 18 Les
1787 1098 103 24 fa_c_stes,
1913 1100 54 20 dans
1991 1102 48 18 tous
2063 1101 30 19 les

1643 1121 19 28 V
1670 1123 34 23 M
1754 1126 58 20 pays-
1833 1123 38 19 ont
1890 1125 57 18 cette
1967 1124 47 21 Idée
2034 1129 59 15 com--

1112 4062 82 29 POU»
1208 4062 37 29 RE
1246 4061 101 30 NTRER
1355 4061 37 29 EN
1402 4055 139 35 ETHIOPIE

1100 4115 119 21 Stamboul,
1231 4115 25 19 23
1268 4114 122 20 novembre.
1402 4123 24 5 —
1439 4114 23 19 M
1481 4113 96 23 Markus,

1076 4139 77 19 ancien
1167 4138 99 20 ministre
1280 4137 121 23 d'Ettilopie
1414 4141 29 16 en
1456 4137 101 23 Turquie,
1563 4142 14 15 a

1075 4161 69 24 quitté
1157 4161 119 22 Stamboul,
1289 4161 53 19 hier.

1099 4185 20 20 H
1131 4190 24 15 se
1166 4185 54 19 rend
1234 4189 28 15 au
1275 4184 70 21 Caire,
1357 4183 28 20 où
1398 4183 15 20 11
1427 4183 47 20 fera
1487 4188 25 15 sa
1524 4188 40 16 sou-

1076 4209 88 19 mission
1180 4212 43 16 aux
1238 4207 106 20 autorités
1359 4207 121 22 italiennes,
1496 4207 80 20 devant

1074 4232 169 19 l'ambassadeur
1260 4231 85 19 d'Italie
1362 4234 28 16 en
1408 4231 88 22 Egypte.

1099 4256 19 19 n
1132 4255 132 20 demandera
1278 4254 85 20 ensuite
1377 4254 157 20 l'autorisation
1549 4254 27 19 de

1075 4279 85 20 rentrer
1170 4283 29 15 en
1209 4278 106 23 Ethiopie.
1327 4287 25 5 —
1363 4277 78 20 Havaas.

135 4770 126 12 -—.._.....,
288 4762 24 18 et
341 4755 100 30 George

76 4780 97 25 ■We-fou
194 4782 143 31 désormais,
359 4786 60 25 s'ab;

92 4812 20 16 "
122 4809 140 31 dangereuse
277 4815 116 30 prolixité

74 4862 6 5 .
94 4839 47 29 Mois
148 4847 18 23 si
177 4846 22 26 H

201 4852 49 22 enri
262 4851 31 25 de
304 4851 128 26 Latouche
443 4862 14 15 a
469 4852 66 26 droit

71 4882 13 6 -
93 4876 54 22 notre
160 4880 124 28 gratitude,
299 4882 61 27 c'est
376 4884 81 24 moins
472 4892 63 20 pour

84 4905 37 19 *°»
136 4905 69 31 dingé
222 4909 98 32 George
337 4912 68 25 Sand
424 4920 25 18 et
466 4912 68 30 quel-
542 4907 4 42 j

1 4940 52 28 «•i
73 4957 34 17 u„
124 4941 12 15 *
138 4940 58 23 utres
208 4942 88 26 Pands
308 4943 122 26 écrivains
443 4943 33 25 de
488 4953 46 16 son

14 4968 16 13 B-
38 4965 15 12 **
74 4965 58 17 «C-Tlna
290 4972 12 8 *
542 4965 4 15 I

7 4982 38 11 —
44 4990 9 13 j
73 4976 65 27 lankp"'
157 4978 27 25 ,™
187 4977 51 17 0lns
265 4981 80 17 metT-e
374 4983 62 19 pour
464 4983 70 15 avoir

72 4992 23 33 P
95 4989 7 23 1
101 4997 34 19 *-"--
157 4994 6 24 1
172 5006 81 19 oeuvre
278 5001 114 27 d'André
417 5003 117 27 Chénier.
542 4989 4 37 I

115 5029 55 20 Pour
180 5036 74 22 avoir,
266 5041 30 16 en
309 5033 144 26 embrasant
465 5040 24 19 et
502 5044 31 15 en

1 5026 12 15 at
24 5019 29 22 P*.
74 5021 32 21 <He

6 5093 46 21 BSTSX

12 5162 50 29 sr_3

75 5046 30 12 t_
116 5046 6 3 *
143 5053 6 5 .
180 5046 74 13 ---.a,
266 5046 30 11 cai
310 5046 142 13 _iaiur_aa>_m
465 5046 24 13 Cl
502 5046 31 13 Cn

75 5061 27 26 K
100 5056 13 16 u
114 5067 15 19 *.
133 5061 16 15 n
146 5063 63 25 .!»nt
224 5059 21 25 le
259 5071 66 18 cœur
341 5063 31 26 de
389 5063 144 28 .Marceline,

71 5081 33 22 "t
124 5089 26 18 m
175 5096 9 11 •
207 5088 30 19 a.
260 5101 28 6 __
482 5094 6 13 i
526 5084 7 7 '

5 5104 51 14 aa.1******-,
73 5110 15 5 _
108 5108 4 7 ,
161 5104 20 6 -•■
208 5104 29 10 -jc
260 5104 27 12 t_e
312 5104 29 13 ca

1 5117 50 40 ^S
76 5112 52 45 R
129 5119 13 15 U
140 5140 5 14 ,
143 5121 24 17 C5
166 5129 8 4 "
175 5124 42 19 Un8
237 5120 15 24 d
254 5130 26 16 «
301 5122 53 29 Pl«s
375 5124 81 25 beaux

81 5140 14 19 *
106 5140 20 23 '«
140 5140 79 34 langue
235 5148 126 33 française.

1649 1138 56 26 ÏJ.J.
1755 1144 66 21 ïnune
1840 1149 47 20 que,
1907 1151 54 22 pour
1980 1148 81 19 arriver
2080 1147 14 20 à

1652 1165 6 14 1
1752 1170 115 20 s'emparer
1901 1170 128 22 légalement
2064 1174 28 16 ou

1599 1192 144 23 illégalement
1757 1193 30 18 du
1801 1192 92 23 pouvoir,
1908 1193 27 19 ils
1948 1194 87 19 doivent
2049 1194 33 19 dis-

1598 1216 88 19 simuler
1702 1216 60 22 soign
1764 1212 109 29 eusefnent
1888 1216 57 20 leurs
1960 1217 58 19 idées
2034 1218 22 19 et
2071 1221 23 15 se

1597 1243 62 18 poser
1671 1244 27 14 en
1711 1238 200 24 superdémocrates.

1621 1268 41 19 Les
1681 1272 47 18 uns,
1746 1270 82 17 comme
1846 1266 70 21 Hitler
1933 1269 24 19 et
1975 1268 119 23 Mussolini,

1596 1291 97 19 exaltent
1707 1290 95 23 l'orgueil
1814 1289 99 21 national
1927 1292 61 22 qu'ils
2002 1293 91 18 conion-

1597 1314 53 19 dent
1662 1318 51 15 avec
1726 1314 55 19 celui
1793 1311 96 28 dateurs
1901 1314 117 23 partisans;
2033 1315 49 19 d'au-

1597 1340 49 19 tres,
1663 1341 82 15 comme
1763 1334 78 24 Ign_fce
1858 1336 102 23 Degrelle,
1978 1338 115 19 attendent

1596 1364 41 19 que
1656 1360 89 19 l'amour
1764 1360 29 18 du
1812 1359 74 22 peuple
1906 1365 28 18 po
1941 1365 18 14 ir
1979 1361 44 18 leur
2043 1365 37 18 per-

1599 1388 67 14 sonne
1690 1383 46 19 leur
1759 1381 87 21 confère
1867 1382 107 21 l'autorité
1997 1383 98 24 suprême

1599 1414 8 8 .*
1623 1410 53 19 pour
1690 1406 20 19 le
1724 1406 48 19 bien
1786 1405 30 19 du
1830 1405 74 24 peuple

1623 1435 62 21 Mais,
1704 1439 29 15 au
1752 1434 53 19 fond
1823 1433 28 20 de
1868 1435 70 20 toutes
1956 1440 36 15 ces
2010 1436 84 21 feintes,

1596 1458 101 22 apparait
1716 1459 105 21 pourtant
1839 1456 20 23 le
1877 1458 96 23 principe
1992 1463 101 15 commun

1597 1480 14 20 À
1627 1482 70 18 toutes
1714 1481 30 19 les
1760 1480 122 22 dictatures,
1897 1481 53 20 celle
1965 1481 38 20 des
2018 1481 76 20 Césars

1597 1504 131 21 d'autrefois,
1752 1507 83 16 comme
1857 1504 52 20 celle
1933 1505 29 19 du
1986 1504 107 20 troisième

1598 1528 123 22 Bonaparte
1740 1527 32 19 dit
1792 1526 126 23 Badinguet,
1937 1532 28 15 ou
1984 1528 64 19 celles
2066 1528 27 19 de

1600 1550 118 22 Mussolini,
1730 1550 27 19 de
1769 1549 71 19 Hitler
1850 1551 23 19 et
1883 1550 27 20 de
1922 1551 89 19 Staline.

1621 1579 30 19 Le
1665 1579 82 23 peuple,
1762 1577 84 24 d'après
1859 1583 46 18 eux,
1919 1580 55 19 n'est
1988 1580 42 19 bon
2045 1579 49 24 qu'à

1599 1602 114 23 applaudir
1725 1606 30 15 un
1767 1601 78 20 maitre
1856 1602 53 20 dont
1921 1603 19 19 le
1952 1603 61 23 génie
2025 1603 20 19 le
2056 1603 27 19 dé-

1597 1630 63 18 passe
1673 1627 23 18 et
1710 1625 97 20 travaille
1820 1628 54 19 apour
1886 1626 36 22 lui,
1935 1627 71 19 mieux
2020 1631 40 19 que
2074 1627 19 19 le

1600 1657 8 8 .
1628 1649 87 22 vulgum
1733 1653 65 19 pecus
1816 1656 9 9 »
1843 1652 29 16 ne
1882 1650 104 23 .pourrait
2002 1650 20 19 le
2039 1650 55 19 faire

1598 1672 117 19 lui-même.

1620 1701 30 19 Ils
1664 1701 95 23 peuvent
1771 1699 63 24 après
1846 1699 46 21 cela
1906 1701 93 20 discuter
2012 1705 37 16 sur
2063 1701 31 19 les

1597 1724 63 21 mots,
1678 1724 47 19 nier
1744 1724 56 19 leurs
1818 1722 67 21 visées
1903 1724 150 23 dictatoriales,
2072 1729 23 15 se

1597 1747 55 19 faire
1671 1746 120 24 plébisciter
1810 1749 39 20 par
1866 1746 38 20 des
1922 1746 102 20 électeurs
2043 1747 52 19 triés

1598 1775 37 14 sur
1648 1771 20 19 le
1681 1770 63 22 volet,
1756 1774 29 15 ou
1798 1769 115 23 terroriisés,
1926 1771 20 19 le
1958 1770 91 20 résultat
2062 1771 33 19 est

1598 1794 21 18 le
1634 1793 70 20 même
1724 1798 5 14 :
1748 1793 20 19 le
1784 1792 76 24 peuple
1876 1794 33 19 est
1925 1793 70 20 déchu
2011 1794 27 19 de
2054 1798 40 15 son

1599 1817 57 20 droit
1667 1817 120 19 souverain-

1692 1851 141 23 Précision
1846 1850 18 23 à
1878 1852 125 25 épincjler

1620 1889 20 19 Il
1651 1890 32 18 est
1694 1890 49 21 trop
1753 1892 48 15 rare
1811 1887 28 19 de
1849 1887 85 20 trouver
1944 1888 89 24 quelque
2045 1888 37 23 pré

1596 1912 68 20 cision
1683 1912 56 19 dans
1764 1911 31 19 les
1819 1909 59 21 idées
1902 1911 26 20 de
1947 1916 40 15 nos
2006 1911 88 20 clérico-

1597 1937 90 17 rexistes
1708 1938 54 20 pour
1782 1938 29 15 ne
1817 1944 6 6 •
1831 1937 39 19 pas
1891 1935 62 18 noter
1974 1934 64 20 celles
2058 1934 36 23 qui

1597 1961 95 21 peuvent
1712 1958 124 22 s'échapper
1855 1957 28 19 de
1902 1957 46 20 leur
1968 1958 79 23 plume,
2067 1958 28 19 de

1597 1983 70 21 temps
1684 1985 27 15 en
1728 1981 75 22 temps.

1621 2017 23 15 Le
1656 2019 36 13 tort
1704 2017 30 14 des
1745 2015 117 17 démocraties
1871 2015 99 19 politiques,
1982 2016 45 16 écrit
2037 2019 26 12 un
2073 2016 23 16 de

1601 2043 29 12 ces
1648 2040 98 15 soi-disant
1765 2039 133 17 réformateurs,
1916 2041 28 14 est
1962 2039 23 16 de
2003 2043 52 15 poser
2072 2042 23 12 en

1602 2064 80 17 principe
1696 2067 34 14 que
1744 2063 18 15 la
1776 2061 71 16 volonté
1859 2061 32 17 des
1904 2062 87 16 électeurs
2005 2063 38 15 doit
2058 2063 38 15 être

1601 2086 90 19 respectée
1703 2087 57 15 avant
1772 2086 44 16 tout.
1828 2085 17 16 Il
1856 2088 22 13 en
1890 2086 67 16 résulte
1968 2090 34 14 que
2014 2087 26 15 les
2052 2090 33 15 gou-

1601 2111 113 15 vernements
1724 2115 20 12 se
1754 2109 76 16 bornent
1840 2108 12 16 i
1863 2109 80 16 traduire
1953 2109 26 17 les
1991 2110 104 18 impulsions

1600 2134 54 15 d'une
1680 2134 73 18 opinion
1780 2132 108 18 capricieuse
1913 2135 19 14 et
1958 2133 137 16 médiocrement

1600 2157 122 18 clairvoyante
1739 2158 39 14 tout
1794 2159 23 13 «en
1834 2156 80 16 trichant
1929 2157 17 15 le
1962 2157 40 18 plus
2018 2156 77 19 possible

1600 2184 43 12 avec
1661 2181 48 15 cette
1727 2180 74 19 opinion
1819 2179 70 18 lorsque
1907 2180 26 16 les
1952 2180 143 16 revendications

1600 2204 22 16 de
1634 2204 70 16 celle-ci
1716 2205 42 15 sont
1770 2206 34 16 par
1815 2204 42 17 trop
1868 2203 148 16 déraisonnables.

1623 2240 27 19 Le
1665 2239 69 23 grand
1749 2240 44 18 tort
1806 2238 62 23 donc,
1880 2239 52 20 c'est
1945 2243 41 19 que
1999 2239 20 20 le
2033 2243 62 19 corps

1596 2262 101 20 électoral
1713 2266 75 16 exerce
1816 2265 30 15 un
1874 2262 96 20 contrôle
1996 2266 38 16 sur
2063 2262 31 19 les

1596 2286 99 19 hommes
1704 2284 102 24 auxquels
1815 2285 15 19 U
1840 2289 14 15 a
1864 2285 87 23 délégué
1961 2285 22 20 la
1993 2285 101 20 conduite

1596 2309 39 19 des
1650 2309 92 19 affaires
1757 2309 29 19 du
1802 2312 59 19 pays.

1621 2338 29 19 Le
1661 2337 76 24 apeuple
1748 2337 45 19 doit
1804 2337 54 18 donc
1868 2336 46 21 être
1924 2337 41 20 mis
1975 2341 28 15 en
2014 2336 80 23 tutelle,

1596 2365 29 15 au
1638 2361 43 19 lieu
1694 2361 106 19 d'exercer
1812 2359 111 20 lui-même
1936 2364 44 15 une
1985 2360 109 20 influence

1597 2388 37 15 sur
1647 2384 22 19 la
1683 2384 105 19 -direction
1801 2383 27 19 de
1841 2382 22 20 la
1876 2383 108 23 politique.

1621 2413 56 19 Mais
1698 2414 57 18 cette
1775 2411 135 22 doctrine-là,
1930 2416 12 15 c
1949 2413 33 19 est
2002 2411 80 29 précisé-

1596 2438 62 17 ment
1676 2435 53 20 celle
1748 2435 27 19 de
1799 2435 21 19 la
1846 2434 106 20 dictature
1977 2433 118 21 soi-disant

1597 2458 96 20 éjlairée.
1711 2458 128 21 Seulement,
1857 2461 42 16 une
1916 2457 42 20 fois
1975 2457 85 23 établie,
2075 2457 20 19 si

1597 2482 22 19 la
1632 2482 107 19 dictature
1752 2480 79 20 s'avère
1844 2481 45 19 mal
1902 2480 96 22 éclairée,
2011 2481 15 19 il
2040 2481 35 22 n'y
2081 2484 14 15 a

1597 2505 48 23 plus
1656 2509 106 18 personne
1773 2508 53 19 pour
1837 2503 22 20 la
1870 2503 112 23 contrôler,
1994 2504 21 19 la
2026 2503 57 20 corri-

1597 2532 43 18 ger,
1653 2528 22 19 la
1689 2528 102 19 remettre
1804 2527 56 20 dans
1873 2526 20 20 le
1907 2527 55 19 droit
1977 2526 91 20 chemin.

1621 2558 30 18 Ce
1668 2560 40 19 que
1726 2558 49 18 tous
1790 2556 31 19 les
1836 2555 110 20 amateurs
1963 2556 29 18 du
2008 2555 75 20 renfor-

1596 2582 86 16 cement
1709 2580 27 19 de
1762 2578 105 21 l'autorité
1893 2578 202 23 gouvernementale

1598 2603 103 21 oublient,
1712 2604 52 18 c'est
1774 2606 46 20 que,
1832 2602 55 19 dans
1897 2602 21 19 le
1930 2601 80 23 régime
2022 2601 62 19 démo-

1597 2625 102 23 cratique,
1717 2625 86 20 l'action
1820 2624 62 21 réelle
1900 2625 27 20 de
1944 2624 106 20 l'électeur
2067 2628 28 15 ne

1597 2648 91 19 s'exerce
1703 2652 41 19 pas
1758 2647 15 20 à
1786 2644 149 26 seaLunique.

1673 2685 54 21 Con
1745 2684 59 22 rô'e
1817 2683 206 25 indispensable

1623 2721 31 19 La
1666 2720 140 24 compétition
1817 2721 36 23 qui
1865 2721 64 23 jauge
1941 2720 39 20 des
1991 2720 104 23 opinions,

1599 2745 23 18 et
1642 2745 39 19 des
1701 2744 91 20 intérêts
1812 2745 36 22 qui
1868 2744 95 23 peuvent
1983 2743 113 19 librement

1598 2768 124 22 s'exprimer
1749 2772 28 15 ou
1805 2772 23 15 se
1855 2767 108 21 défendre,
1991 2766 103 22 entraîne,

1599 2795 82 15 comme
1695 2791 151 23 conséquence,
1858 2795 30 15 un
1902 2790 95 20 contrôle
2010 2794 74 19 perma-

1599 2815 60 21 nent,
1674 2819 45 14 non
1735 2815 118 19 seulement
1869 2814 37 19 des
1922 2814 60 19 actes
1997 2813 29 20 du
2042 2817 41 19 gou-

1599 2838 132 21 vernement,
1745 2838 55 19 mais
1812 2838 57 20 aussi
1883 2837 39 19 des
1934 2837 75 23 partis.

1621 2867 33 19 De
1666 2871 35 15 ces
1713 2866 75 20 débats
1799 2867 83 19 soratent
1894 2866 38 19 des
1942 2866 106 20 so'utions
2059 2866 37 23 qui

1597 2894 28 15 ne
1639 2890 101 19 tiennent
1753 2894 39 18 paas
1806 2890 83 22 compte
1904 2890 140 22 uniquement
2058 2889 38 19 des

1598 2912 67 20 désirs
1677 2917 29 15 ou
1719 2913 37 19 des
1769 2912 89 20 intérêts
1872 2913 50 19 d'un
1936 2916 85 19 groupe,
2035 2912 61 21 mais,

1598 2936 55 19 dans
1669 2940 43 15 une
1727 2935 124 24 proportion
1866 2935 101 22 variable,
1983 2935 26 20 de
2026 2935 70 20 toutes

1598 2959 30 19 le?
1642 2959 99 23 opinions
1755 2959 36 23 qui
1804 2963 23 16 se
1840 2959 114 23 partagent
1969 2958 22 19 la
2005 2958 78 23 popula-

1598 2982 52 20 tion.

1622 3012 39 18 Les
1679 3010 127 20 résolutions
1823 3011 116 20 excessives
1956 3011 50 19 sont
2024 3013 60 20 quasi-

1598 3035 61 18 ment
1671 3033 138 24 impossibles,
1820 3035 24 19 et
1856 3038 30 15 un
1899 3035 83 18 certain
1995 3033 101 24 équilibie

1597 3059 34 18 est
1646 3057 74 19 assuré
1736 3058 61 19 entre
1812 3057 31 20 les
1858 3057 89 20 intérêts
1962 3058 23 19 et
2000 3057 31 20 les
2047 3058 37 18 ten-

1598 3080 79 19 dances
1694 3079 95 24 opposés.

1622 3109 72 20 Même
1706 3109 107 23 lorsqu'un
1825 3109 46 20 seul
1884 3109 58 23 parti
1953 3110 35 18 est
2000 3113 28 15 au
2042 3112 42 20 pou-

1598 3133 53 21 voir,
1667 3133 16 19 il
1699 3137 28 15 ne
1743 3133 31 19 lui
1790 3133 33 19 est
1838 3137 40 18 pas
1894 3132 82 20 loisible
1993 3132 101 22 d'abuser,

1598 3160 83 16 comme
1693 3156 16 19 il
1720 3156 21 19 le
1751 3156 105 22 voudrait,
1867 3156 27 19 de
1905 3156 22 19 la
1938 3156 111 19 situation.

1621 3184 144 24 L'opposition
1777 3184 14 20 à
1801 3189 34 15 ses
1847 3185 123 20 tendances,
1982 3186 35 21 qui
2029 3184 67 20 existe

1598 3208 97 22 toujours
1712 3208 56 19 dans
1784 3208 19 19 le
1820 3212 59 19 pays,
1895 3208 55 19 n'e__t
1967 3212 39 18 pas
2022 3208 73 19 exclue

1597 3231 26 19 de
1638 3231 59 20 toute
1711 3231 151 23 participation
1876 3231 15 19 à
1903 3231 22 19 la
1938 3230 121 23 législation
2072 3230 24 19 ni

1597 3254 14 19 à
1625 3254 22 19 la
1662 3254 84 23 gestion
1762 3254 37 20 des
1813 3254 91 19 affaires
1919 3253 116 24 publiques.
2050 3252 46 21 Elle

1598 3277 42 20 fait
1657 3277 106 20 entendre
1782 3282 24 14 sa
1824 3277 48 19 voix
1891 3277 55 19 dans
1964 3277 31 19 les
2014 3280 70 16 assem-

1598 3300 58 20 blées
1673 3302 23 18 et
1712 3301 55 19 dans
1784 3301 22 19 la
1821 3301 83 21 Presse;
1923 3300 40 20 elle
1979 3300 118 19 intervient

1598 3324 56 19 dans
1665 3324 21 19 le
1698 3324 77 19 travail
1787 3324 37 19 des
1835 3324 153 20 commissions,
2000 3323 40 20 elle
2052 3323 45 19 met

1599 3347 19 19 le
1632 3348 167 22 gouvernement
1811 3351 27 15 en
1851 3346 101 24 présence
1965 3347 27 19 de
2004 3351 34 15 ses
2051 3351 34 15 res-

1598 3370 145 23 ponsabilités,
1755 3371 22 19 et
1789 3370 41 20 fait
1841 3370 63 23 appel
1915 3370 14 19 à
1940 3370 108 23 l'opinion.

1621 3399 122 19 Nombreux
1762 3399 50 19 sont
1831 3399 31 19 les
1880 3399 108 23 exemples
2008 3398 75 20 histori

1597 3426 57 19 ques,
1672 3427 28 15 ou
1719 3427 42 15 une
1785 3421 120 24 ODaposition
1930 3421 165 23 parlementaire

1597 3450 69 15 m-_me
1683 3445 72 23 faible,
1770 3445 55 20 mais
1852 3444 96 23 appuyée
1976 3444 15 20 à
2018 3448 78 20 propos

1597 3468 63 20 d'une
1673 3469 98 23 question
1785 3468 141 23 particulière,
1940 3472 39 19 par
1993 3472 42 15 une
2048 3467 35 23 opi-

1597 3491 52 19 nion
1669 3492 100 22 publique
1789 3491 107 23 vigilante,
1915 3496 14 14 a
1948 3490 104 24 empêché
2071 3494 24 15 ce

1597 3518 40 19 que
1653 3514 42 20 l'on
1712 3514 83 24 appelle
1810 3515 37 19 des
1864 3521 8 11 ■
1889 3518 66 19 coups
1971 3514 26 20 de
2013 3513 58 24 parti
2079 3522 8 8 »

1621 3544 55 19 Sous
1692 3543 31 21 les
1738 3543 89 23 régimes
1843 3543 27 20 où
1886 3542 107 21 l'électeur
2008 3547 33 16 est
2057 3542 26 20 dé

1597 3566 88 23 possédé
1699 3567 27 19 de
1740 3571 39 15 son
1793 3566 94 24 pouvoir,
1900 3567 52 19 c'est
1966 3566 129 19 fatalement

1597 3589 193 23 l'intransigeance,
1814 3589 20 20 le
1859 3589 124 22 fanatisme,
2007 3589 20 20 le
2052 3589 43 19 bon

1597 3612 74 23 plaisir
1684 3613 35 23 qui
1734 3612 137 24 triomphent.

1621 3642 34 21 Et,
1671 3642 27 19 de
1714 3642 90 23 quelque
1820 3646 51 15 nom
1887 3642 63 22 qu'on
1967 3642 31 19 les
2014 3641 81 22 décore,

1597 3664 26 20 ils
1635 3666 51 18 sont
1700 3665 34 19 bel
1748 3666 22 19 et
1784 3665 49 19 bien
1847 3664 21 20 la
1883 3664 112 20 dictature.

1620 3694 31 19 Ce
1663 3694 56 19 n'est
1730 3698 40 19 pas
1782 3693 14 20 à
1808 3693 106 20 diminuer
1927 3694 19 19 le
1960 3693 95 20 contrôle
2067 3694 27 19 de

1596 3716 107 20 l'électeur
1721 3717 50 23 qu'il
1791 3717 48 19 faut
1856 3720 84 19 songer,
1958 3717 56 19 mais
2031 3717 15 19 à
2064 3716 30 20 lui

1595 3739 84 20 donner
1694 3740 48 23 plus
1758 3739 133 20 d'efficacité.

1653 4533 63 21 Chef,
1731 4537 51 15 mon
1797 4532 57 19 balai
1870 4536 27 15 ne
1913 4538 23 13 v:.
1955 4533 47 22 plus
2019 4533 6 18 !

1665 4562 77 19 Dessin
1753 4561 69 20 inédit
1835 4561 27 19 de
1873 4561 82 20 Marcel
1968 4561 99 20 Antoine.

1629 4642 86 29 SUITE
1735 4643 22 28 A
1780 4641 39 30 LA
1840 4635 215 36 DÉVALUATION

361 5185 123 24 Fantasia.

596 5167 41 19 Sur
653 5166 22 19 la
691 5167 62 19 route
770 5168 104 22 d'OujTé*
890 5167 15 20 à
923 5169 84 22 Renory
1028 5165 121 23 (An?lenr),
1169 5164 56 20 deux
1250 5164 64 19 antos
1338 5164 51 20 sont
1408 5163 85 19 entrées

822 5191 102 19 collision.
940 5192 19 18 Il
974 5196 14 19 y
1003 5191 39 19 eut
1057 5189 105 24 plusieurs
1176 5187 83 20 blessés.
1273 5197 26 5 —
1310 5188 27 19 X.

1619 4713 67 22 Paris,
1702 4714 24 18 23
1744 4713 120 19 novembre.
1881 4723 25 4 —
1922 4714 31 19 La
1969 4713 121 23 déléagation

1595 4736 59 23 belge
1672 4736 91 23 chargée
1781 4736 27 19 de
1825 4736 122 22 reprendre,
1964 4739 35 17 cet
2016 4736 74 24 après-

1594 4759 59 22 midi,
1665 4760 31 19 les
1707 4760 147 22 négociations
1866 4760 62 19 entre
1940 4760 22 19 la
1974 4761 82 18 Prance
2068 4760 23 19 et

1594 4783 86 19 l'Union
1712 4783 138 22 économique
1881 4782 209 24 belgo-luxembour-

1594 4806 76 22 geoise,
1686 4811 28 15 en
1730 4811 41 16 vue
1787 4806 27 19 de
1830 4806 142 23 l'adaptation
1989 4807 28 19 de
2032 4807 58 19 leurs

1594 4829 103 20 relations
1712 4829 158 20 commerciales
1897 4829 14 19 à
1937 4830 22 19 la
1985 4830 105 20 situation

1594 4853 98 19 nouvelle
1706 4853 60 19 créée
1780 4857 40 19 par
1846 4852 22 20 la
1894 4853 138 20 dévaluation
2060 4853 30 19 du

1593 4876 62 19 franc
1677 4876 103 23 français,
1791 4877 34 18 est
1836 4875 83 20 arrivée
1925 4876 14 19 à
1945 4877 61 19 Paris
2012 4881 24 15 ce
2042 4880 37 16 ma-

1594 4900 33 19 tin
1638 4901 22 18 et
1670 4904 24 15 se
1704 4902 140 17 rencontrera
1855 4901 34 17 cet
1900 4900 128 22 après-midi
2038 4904 51 15 avec

1593 4923 32 19 les
1640 4923 133 23 délégations
1790 4922 108 23 française
1914 4925 23 18 et
1953 4923 125 20 luxembour-

1593 4946 76 22 geoise,
1681 4950 29 15 au
1722 4946 111 19 ministère
1844 4946 30 19 du
1887 4947 129 19 Commerce.

1618 4975 30 19 La
1663 4975 122 23 délégation
1801 4975 59 22 belge
1874 4976 33 18 est
1923 4977 109 22 composée
2062 4976 27 19 de

1593 4999 54 19 MM.
1659 4999 98 21 Suetens,
1769 4999 107 19 directeur
1887 4998 87 23 général
1987 5001 30 18 du
2029 5003 48 16 com-

1593 5026 70 15 merce
1672 5022 107 19 extérieur
1788 5026 29 15 au
1826 5022 111 19 ministère
1947 5023 38 19 des
1994 5023 95 19 Affaires

1593 5045 129 23 étrangères,
1736 5046 21 19 le
1770 5045 68 20 baron
1851 5045 33 19 De
1898 5046 78 21 Traux,
1990 5046 99 19 ministre

1593 5069 193 23 pléniapotentiaire,
1796 5069 21 19 le
1828 5068 68 19 baron
1906 5069 66 23 Snoy,
1983 5070 106 18 directeur

1592 5096 29 16 au
1635 5092 111 20 ministère
1760 5092 38 20 des
1813 5092 94 19 Affaires
1920 5092 131 23 étrangères.

1616 5116 31 19 M.
1657 5116 48 19 Van
1717 5116 117 18 Orshoven.
1845 5115 107 20 directeur
1962 5116 87 23 général
2059 5120 30 15 au

1592 5139 111 22 ministère
1713 5139 27 20 de
1750 5138 155 24 l'Agriculture,
1915 5139 96 20 arrivera
2020 5139 15 20 à
2045 5140 32 18 Pa-

1592 5163 30 19 ris
1634 5162 87 20 demain
1735 5166 53 19 pour
1800 5162 92 23 prendre
1903 5164 51 21 part
1966 5167 44 15 aux
2021 5163 55 22 négo-

1592 5185 98 21 ciations.
1701 5195 25 5 —
1737 5186 73 22 Belga.

2114 703 496 59 L'ANTISEMITISME

2214 780 55 43 EN
2300 779 210 46 POLOGNE

2184 872 170 30 NOUVELIES
2379 874 158 29 BAGARRES

2112 914 192 31 SANGLANTES
2322 916 96 29 ENTRE
2442 916 168 29 ETUDIANTS

2185 982 40 29 ON
2244 982 122 30 COMITE
2387 984 41 29 UN
2450 984 87 29 MORT

2228 1025 38 29 ET
2283 1025 73 30 SEPT
2374 1026 119 30 BLESSES

2140 1083 107 22 Varsovie,
2258 1084 23 19 23
2293 1085 119 19 novembre.
2423 1095 24 4 —
2458 1086 35 18 On
2504 1086 84 22 compte
2600 1086 9 18 1

2114 1108 57 18 mort
2185 1109 23 17 et
2222 1108 11 19 7
2249 1108 79 19 blessés
2341 1108 15 20 à
2370 1108 69 21 Vilno,
2453 1113 29 14 au
2496 1113 62 15 cours
2573 1109 37 19 des

2114 1130 107 20 incidents
2232 1131 171 23 antisémitiques
2414 1132 37 23 qui
2463 1136 23 15 se
2497 1134 51 17 sont
2560 1136 38 19 pro-

2115 1154 59 19 duits
2183 1154 47 19 hier
2239 1155 69 22 parmi
2318 1154 22 20 la
2348 1155 99 22 jeunesse
2456 1155 154 19 universitaire.

2138 1178 30 18 La
2186 1178 68 22 police
2271 1182 14 15 a
2303 1177 29 20 dû
2350 1178 118 20 intervenir
2485 1178 124 23 éneragique-

2117 1202 60 18 ment
2190 1205 54 19 pour
2257 1201 88 20 rétablir
2357 1201 83 20 l'ordre.

2140 1230 108 19 Plusieurs
2260 1231 109 22 magasins
2381 1231 54 23 juifs
2447 1232 39 18 ont
2497 1231 35 20 été
2544 1231 66 23 pillés.

2141 1259 35 19 Un
2188 1260 83 19 certain
2284 1260 89 19 nombre
2385 1260 132 20 d'étudiants
2529 1261 71 19 antisé-

2117 1282 63 19 mites
2192 1285 50 17 sont
2255 1283 107 20 enfermés
2374 1284 55 19 dans
2441 1284 135 19 l'Université
2589 1285 23 18 et

2116 1309 14 19 y
2140 1305 49 20 font
2199 1306 22 19 la
2231 1306 62 23 grève
2304 1307 27 19 de
2341 1307 21 19 la
2373 1307 60 19 faim.

2115 1329 30 19 La
2156 1329 98 22 Jeunesse
2261 1330 139 19 nationaliste
2406 1330 110 23 polonaise
2522 1331 78 19 deman-

2116 1352 27 19 de
2153 1357 41 18 que
2203 1353 38 19 des
2251 1354 66 19 bancs
2326 1353 101 24 spéciaux
2437 1355 70 18 soient
2517 1354 94 19 réservés

2116 1379 43 15 aux
2173 1376 59 22 juifs,
2246 1377 56 19 dans
2316 1379 71 18 toutes
2400 1377 31 20 les
2445 1378 78 19 hautes
2537 1378 73 19 écoles.

2116 1409 24 4 —
2152 1399 77 20 Havas.

2180 1461 38 29 LA
2237 1462 64 29 MER
2319 1463 80 29 DANS
2418 1463 129 29 L'OUATE

2142 1520 99 22 Londres,
2253 1521 23 19 23
2288 1522 121 19 novembre.
2420 1532 25 4 —
2455 1523 29 19 Le
2495 1523 116 19 brouillard

2117 1543 102 20 continue
2231 1544 27 19 de
2269 1545 77 22 régner
2357 1550 37 15 sur
2406 1546 31 19 les
2449 1546 42 19 Iles
2504 1546 96 19 britanni-

2117 1570 56 19 ques.

2140 1591 29 20 Le
2186 1590 121 23 ferry-boat
2324 1592 105 20 Douvres-
2431 1593 129 23 Dunkerque
2576 1594 36 18 n'a

2117 1617 29 18 pu
2161 1613 106 20 effectuer
2280 1614 22 20 la
2317 1616 106 19 traversée
2437 1617 57 19 cette
2508 1617 57 22 nuit;
2582 1617 17 19 fi-

2117 1636 111 20 nalement
2245 1637 31 20 les
2293 1642 122 19 voyageurs,
2432 1640 45 21 ont,
2494 1644 25 15 ce
2536 1640 76 21 matin,

2117 1659 35 20 été
2183 1660 78 23 dirigés
2277 1661 27 20 de
2321 1662 95 20 Douvres
2431 1667 38 15 sur
2485 1663 127 20 Folkestone

2117 1683 48 20 d'où
2176 1684 26 19 Us
2212 1684 108 23 partiront
2330 1689 54 19 pour
2393 1686 115 23 Boulogne.
2518 1697 26 4 —
2553 1688 46 18 Reu-

2117 1707 39 18 ter.

2632 695 281 64 MARIÉE
2944 701 181 60 SANS

2719 779 72 45 LE
2816 778 224 46 SAVOIR

2683 873 39 29 LA
2741 868 223 35 STUPÉFACTION
2984 872 90 29 D'UNE

2683 917 181 29 DEMOISELLE
2872 916 39 29 DE
2919 916 158 29 TOULOUSE

2738 984 37 29 ET
2786 984 61 34 QUE
2859 983 72 30 DOIT
2946 976 76 36 ÊTRE

2683 1028 39 29 LA
2741 1027 143 29 SURPRISE
2901 1026 41 29 DU
2962 1026 80 29 MARI
3059 1025 15 29 ?

2654 1087 29 18 Le
2702 1087 92 23 Parquet
2813 1086 26 20 de
2857 1085 111 20 Bruxelles
2985 1085 96 22 s'occupe
3100 1088 28 15 en

2630 1114 24 14 ce
2672 1111 96 18 moment
2785 1110 63 19 d'une
2866 1109 79 20 affaire
2962 1109 27 19 de
3006 1108 53 19 faux
3076 1112 51 15 nom

2630 1136 23 16 et
2666 1133 86 22 d'usage
2764 1133 27 19 de
2804 1133 59 21 faux,
2875 1133 36 22 qui
2924 1133 55 18 n'est
2992 1136 40 18 pas
3044 1131 83 19 banale.

2655 1156 47 19 Une
2718 1156 120 19 demoiselle
2854 1155 120 20 Geneviève
2989 1156 96 21 Dugouy,
3101 1154 27 19 de

2630 1179 111 22 Toulouse,
2771 1184 13 14 a
2814 1180 79 22 appris,
2922 1179 137 20 récemment,
3088 1181 40 19 par

2631 1202 86 22 hasard,
2728 1207 52 15 avec
2791 1203 22 19 la
2824 1203 48 22 plus
2884 1202 81 23 grande
2976 1200 151 24 stupéfaction,

2631 1225 74 22 qu'elle
2722 1225 70 20 s'était
2809 1225 86 23 mariée,
2912 1225 13 19 â
2942 1224 139 21 Schaerbeek,
3099 1223 28 20 où

2631 1248 40 19 elle
2694 1249 81 19 n'avait
2798 1249 79 22 jamais
2900 1249 41 19 mis
2964 1248 31 19 les
3018 1248 66 23 pieds,
3107 1247 20 19 le

2631 1272 23 17 29
2667 1272 53 18 avril
2734 1272 52 21 1933,
2799 1274 22 17 et
2832 1272 75 23 qu'elle
2919 1271 93 19 habitait
3024 1270 91 20 actuelle-

2632 1296 60 17 ment
2703 1299 37 15 rue
2752 1295 26 19 de
2790 1295 119 22 l'Amblève,
2920 1295 30 22 35,
2961 1294 14 19 à
2986 1294 141 22 Auderghem.

2655 1317 120 24 L'enquête,
2790 1320 87 17 ouverte
2891 1318 15 19 à
2921 1318 21 19 la
2957 1318 56 19 suite
3029 1318 26 18 de
3070 1318 57 18 cette

2631 1340 132 23 découverte,
2782 1345 14 15 a
2815 1341 68 19 révélé
2903 1341 50 23 qu'U
2971 1345 14 19 y
3004 1345 14 15 a
3038 1340 88 19 environ

2631 1364 48 22 cinq
2707 1368 45 16 ans.
2780 1368 43 15 une
2849 1364 120 23 Française,
2996 1363 131 23 Marguerite

2631 1387 130 22 Blanchard,
2778 1387 39 19 née
2834 1387 20 19 le
2871 1387 23 19 29
2912 1387 119 23 septembre
3049 1386 47 20 1909
3113 1386 14 19 à

2631 1411 117 20 Leveneau,
2766 1411 59 19 avait
2842 1410 34 19 été
2895 1410 97 23 expulsée
3010 1410 26 19 de
3055 1409 59 23 Belgi-

2631 1438 46 18 que.

2655 1456 45 19 Elle
2714 1460 14 19 y
2742 1456 54 20 était
2810 1460 91 16 revenue
2916 1457 88 21 ensuite,
3019 1457 67 22 ayant
3100 1456 26 19 de

2632 1480 83 19 fausses
2726 1479 70 23 pièces
2807 1479 117 22 d'identité,
2935 1480 154 23 parfaitement
3100 1484 27 14 en

2631 1502 63 23 règle,
2707 1507 28 15 au
2748 1507 50 15 nom
2810 1503 27 19 de
2849 1503 22 19 la
2882 1503 148 19 Toulousaine.

2656 1527 41 18 Ces
2710 1525 69 24 pièces
2791 1526 30 19 lui
2834 1526 87 19 avaient
2933 1526 34 19 été
2980 1526 96 19 fournies
3088 1530 39 18 par

2632 1554 30 14 un
2674 1549 86 19 nommé
2772 1549 52 19 Sadi
2836 1549 36 22 qui
2885 1549 58 19 avait
2955 1549 34 19 été
3002 1548 85 24 expulsé
3100 1553 27 15 en

2632 1572 69 19 même
2714 1574 69 21 temps
2795 1572 81 23 qu'elle.

2655 1596 31 19 La
2711 1596 72 19 fausse
2808 1595 131 23 Marguerite
2963 1596 89 22 Dugouy
3077 1595 50 19 s'est

2631 1618 80 20 mariée
2728 1623 52 15 avec
2797 1623 29 15 un
2845 1619 64 19 brave
2926 1619 86 19 homme
3028 1618 37 23 qui
3081 1618 46 19 doit

2631 1641 46 20 être
2691 1642 45 20 fort
2749 1641 79 20 étonné
2842 1642 27 19 de
2882 1642 57 19 cette
2953 1642 88 19 histoire
3055 1646 60 15 roma-

2631 1669 86 19 nesque.

2655 1689 45 19 EUe
2716 1693 14 15 a
2745 1687 35 21 été
2796 1688 53 20 mise
2865 1692 28 16 en
2909 1687 47 20 état
2971 1687 155 20 d'arrestation.

2630 1721 26 5 —
2665 1712 24 19 C.

3146 698 108 46 UN
3322 699 317 47 ENFANT

3193 771 33 41 A
3256 769 121 45 DEUX
3406 769 186 47 MERES...

2139 2513 35 19 L'n
2190 2518 96 13 nouveau
2302 2513 49 19 club
2366 2514 59 19 vient
2440 2515 27 18 de
2482 2519 22 14 se
2520 2515 81 18 former
2613 2515 14 18 à
2642 2515 60 19 Paris
2711 2521 6 13 :
2734 2516 19 18 le
2767 2515 48 19 clnb
2836 2516 38 19 des
2899 2516 122 19 silencieux.
3047 2517 40 18 Les

2138 2536 106 19 membres
2257 2541 27 14 ne
2297 2536 111 24 profèrent
2420 2537 53 19 mot.
2485 2538 55 19 Lenr
2552 2538 61 22 signe
2625 2539 27 18 de
2663 2539 121 18 ralliement
2794 2544 6 14 :
2813 2544 30 14 un
2854 2539 59 23 doiagt
2924 2544 37 15 sur
2972 2540 31 19 les
3013 2539 73 19 lèvres.

3032 2573 26 4 —
3068 2563 19 19 I.

2114 2643 40 29 DE
2176 2643 169 33 NOUVEAUX
2368 2644 245 30 GOUVERNEURS?
2659 2646 34 29 LE
2704 2647 68 29 PIED
2784 2642 99 34 COUPÉ
2892 2648 61 29 PAR
2963 2648 35 29 LE
3009 2648 92 29 TRAIN

2140 2703 36 19 On
2186 2703 44 20 sait
2240 2703 51 23 qull
2301 2704 34 22 n'y
2348 2708 14 16 a
2372 2708 85 16 aucune
2467 2704 69 20 limite
2547 2704 66 23 d'âge,

2115 2726 84 23 jusqu'à
2212 2726 92 24 présent,
2318 2731 54 19 pour
2385 2727 32 19 les
2429 2732 144 18 gouverneurs
2586 2728 28 19 de

2115 2750 100 22 province
2230 2750 24 19 ni
2270 2755 54 18 pour
2339 2751 31 19 les
2385 2751 155 19 commissaires
2555 2751 57 19 d'ar-

2114 2773 174 20 rondissemenats.
2302 2774 62 19 Cette
2378 2774 104 19 situation
2496 2775 52 22 peut
2562 2774 38 23 pré-

2115 2797 73 18 senter
2204 2796 38 20 des
2258 2797 168 19 inconvénients.
2444 2798 61 18 Aussi
2523 2798 19 18 le
2559 2802 41 18 gou-

2115 2821 126 18 vernement
2259 2820 60 19 est-U
2338 2820 73 19 décidé
2429 2820 14 19 à
2461 2821 93 22 imposer
2572 2825 40 18 par

2115 2842 70 20 arrêté
2206 2843 59 22 royal
2285 2847 43 16 une
2348 2843 68 20 Umite
2435 2843 67 23 d'âge.
2522 2844 89 19 Celle-ci

2115 2870 48 15 sera
2175 2866 27 20 de
2214 2867 23 18 67
2249 2871 28 15 ou
2289 2867 24 18 68
2325 2871 47 15 ans.

2139 2895 63 19 Cette
2217 2899 90 18 mesure,
2321 2896 36 22 qui
2373 2900 48 15 sera
2436 2896 57 22 prise
2508 2896 67 19 avant
2590 2897 22 18 la

2115 2918 33 19 fin
2160 2918 27 19 de
2198 2918 90 21 l'année,
2300 2919 93 23 obligera
2406 2919 52 19 trois
2469 2923 143 18 gouverneurs

2116 2941 14 19 à
2150 2942 91 22 prendre
2261 2942 45 19 leur
2326 2942 89 19 retraite
2435 2944 21 17 et
2476 2947 52 14 sans
2548 2942 64 19 doute

2116 2965 111 19 seront-ils
2239 2965 41 19 mis
2293 2965 14 19 à
2319 2965 120 20 l'éméritat.
2453 2966 30 18 Ce
2495 2967 50 18 sont
2558 2966 54 18 MM.

2116 2988 148 22 Damoiseaux,
2275 2988 29 19 du
2315 2988 104 22 Hainaut;
2432 2989 67 19 baron
2511 2989 26 19 de
2548 2989 64 18 Gaif-

2116 3011 41 19 fier
2170 3011 118 23 d'Hestroy,
2301 3012 27 19 de
2341 3012 90 22 Namur;
2447 3012 29 19 M.
2490 3012 82 21 Pirard.
2585 3012 27 19 de

2116 3034 67 23 Liège.

2140 3064 27 19 Et
2181 3064 46 19 cela
2242 3068 75 18 posera
2331 3064 23 19 la
2368 3064 96 23 question
2481 3064 89 19 délicate
2585 3064 27 19 de

2116 3087 46 19 leur
2174 3087 125 19 succession.

2139 3116 162 22 ActueUement,
2316 3116 16 19 U
2347 3120 14 18 y
2376 3120 14 15 a
2405 3117 48 22 sept
2468 3120 144 18 gouverneurs

2116 3139 112 22 cléricaux,
2240 3144 29 15 un
2283 3139 73 19 Ubéral
2369 3140 22 19 et
2403 3144 30 15 un
2445 3139 143 20 collectiviste.

2140 3169 40 18 Les
2191 3168 93 22 gauches
2295 3168 101 19 estiment
2406 3173 40 18 que
2458 3168 31 19 les
2499 3169 52 18 trois
2563 3172 37 19 pos-

2116 3192 33 19 tes
2165 3192 26 18 de
2207 3196 132 18 gouverneur
2355 3193 91 18 vacants
2462 3191 87 19 doivent
2565 3192 46 19 leur

2115 3215 89 21 revenir,
2218 3219 24 15 ce
2256 3215 36 22 qui
2306 3215 88 19 laissera
2409 3219 75 15 encore
2498 3215 49 22 cinq
2561 3219 39 18 pos-

2116 3238 33 19 tes
2167 3242 42 15 aux
2228 3237 105 20 cléricaux
2355 3238 101 19 (Flandre
2474 3238 137 21 occidentale,

2115 3262 88 21 Anvers,
2233 3261 120 23 Limbourg,
2384 3261 104 21 Brabant,
2519 3261 80 19 Luxem-

2116 3284 75 23 bourg)
2195 3298 5 6 .

2141 3314 40 18 Les
2202 3313 148 20 coUectiV-stes
2372 3313 125 20 souhaitent
2519 3317 41 19 que
2584 3314 29 18 M.

2115 3336 60 20 Jules
2193 3336 97 20 Mathieu
2309 3336 103 20 devienne
2431 3340 132 19 gouverneur
2581 3336 29 20 du

2116 3360 103 21 Hainaut,
2234 3360 54 18 mais
2303 3360 30 19 les
2348 3359 111 21 cléricaux,
2474 3359 36 23 qui
2525 3359 75 20 contrô-

2115 3383 46 19 lent
2181 3383 20 19 le
2221 3382 110 20 ministère
2352 3383 27 19 de
2399 3382 121 20 l'Intérieur
2544 3382 66 20 (aussi

2115 3406 48 19 bien
2186 3410 28 15 au
2235 3406 61 23 point
2316 3406 27 19 de
2364 3410 40 15 vue
2425 3406 101 23 politique
2547 3406 63 23 qu'au

2115 3430 61 22 point
2192 3429 27 19 de
2235 3434 39 14 vue
2290 3429 174 21 administratif),
2480 3433 28 15 ne
2525 3429 86 19 veulent

2116 3457 39 18 pas
2165 3452 106 20 admettre
2282 3453 64 22 qu'un
2358 3452 136 19 collectiviste
2505 3456 106 18 gouverne

2116 3476 19 19 le
2146 3476 98 19 Hainaut
2255 3476 22 19 et
2288 3476 124 19 souhaitent
2423 3480 40 18 que
2474 3480 24 14 ce
2509 3476 47 20 soit,
2568 3480 43 15 une

2116 3499 41 19 fois
2176 3499 26 19 de
2222 3499 53 23 plus,
2295 3503 29 15 un
2344 3499 113 22 magistrat
2476 3499 35 22 qui
2531 3503 79 19 occupe

2115 3523 56 19 cette
2186 3523 66 19 haute
2266 3522 104 19 situation
2385 3523 22 18 et
2421 3526 44 15 non
2479 3526 30 15 un
2524 3522 86 19 homme

2116 3546 107 23 politique.

2140 3575 56 19 Mais
2211 3575 38 19 des
2264 3573 126 20 résistances
2405 3573 102 20 sérieuses
2522 3578 23 15 se
2560 3578 39 19 pro-

2115 3598 93 20 duiront.
2218 3599 40 18 Les
2267 3597 148 20 collectivistes
2425 3597 155 19 demanderont
2591 3597 20 19 le

2115 3622 61 22 poste
2201 3621 27 19 de
2254 3625 132 18 gouverneur
2412 3620 28 19 du
2468 3620 102 22 Hainaut,
2596 3620 14 19 à

2114 3645 71 19 moins
2197 3645 62 22 qu'on
2273 3648 28 15 ne
2313 3644 20 19 le
2346 3643 71 20 confie
2429 3643 14 19 à
2457 3648 29 15 un
2500 3643 74 19 libéral
2588 3644 22 19 et

2114 3672 42 19 que
2168 3668 55 19 deux
2237 3667 71 23 postes
2321 3667 90 19 vacants
2423 3667 71 19 soient
2506 3666 105 20 attribués

2114 3691 15 19 à
2141 3691 38 20 des
2192 3691 153 21 collectii'istes,
2358 3690 14 19 à
2385 3689 62 23 Liège
2460 3691 23 18 et
2495 3689 14 20 à
2523 3690 87 19 Namur.

2139 3720 113 20 D'aucuns,
2270 3719 55 20 dans
2341 3719 31 19 les
2388 3718 88 23 sphères
2493 3723 105 17 gouverne-

2114 3743 111 20 mentales,
2241 3742 127 20 voudraient
2383 3746 41 18 que
2439 3742 24 19 M
2485 3742 60 19 Jules
2560 3742 38 19 Ma-

2114 3766 60 20 thieu
2192 3766 104 19 devienne
2313 3769 133 19 gouverneur
2463 3765 27 19 de
2507 3764 62 23 Llége
2587 3765 23 19 et

2113 3794 45 15 non
2173 3789 28 20 du
2217 3789 102 21 Hainaut,
2334 3789 22 19 et
2370 3788 21 20 le
2405 3788 91 23 premier
2512 3788 97 19 ministre

2113 3812 72 24 parait
2206 3812 79 20 décidé,
2306 3812 55 19 mais
2382 3816 51 15 avec
2455 3812 76 22 regret,
2552 3811 14 19 à
2586 3816 23 15 se

2114 3835 86 24 séparer
2217 3836 27 19 de
2261 3836 30 18 M.
2308 3836 97 20 Bovesse,
2422 3834 36 22 qui
2477 3834 133 20 deviendrait

2116 3863 132 19 gouverneur
2259 3859 27 19 de
2297 3859 87 19 Namur.
2395 3868 25 5 —
2430 3858 27 19 Y.

2659 2712 120 20 Dimanche
2794 2717 47 16 vers
2854 2714 24 19 21
2893 2713 22 20 h.
2930 2714 24 19 30
2968 2713 15 20 à
2997 2713 22 20 la
3033 2718 51 18 gare
3099 2714 29 19 du

2635 2739 63 22 Nord,
2712 2743 29 15 au
2755 2741 96 18 moment
2865 2740 28 19 où
2907 2740 20 19 le
2942 2740 57 19 train
3015 2740 113 23 électrique

2635 2765 14 19 à
2663 2765 130 20 destination
2809 2766 103 20 d'Anvers
2937 2771 23 15 se
2985 2767 88 19 mettait
3101 2771 27 14 en

2635 2792 93 22 marche,
2743 2793 93 19 Antoine
2851 2793 73 21 Krick,
2938 2793 27 19 de
2980 2793 97 21 Malines,
3092 2792 36 24 qui

2634 2823 23 14 se
2669 2819 93 19 trouvait
2774 2820 14 18 à
2799 2819 127 20 l'extrémité
2937 2819 30 19 du
2978 2820 50 22 quai
3040 2824 14 14 a
3065 2820 62 22 glissé

2634 2846 22 18 et
2667 2848 34 16 est
2712 2845 71 19 atombé
2794 2850 37 14 sur
2843 2846 21 18 la
2876 2846 51 19 voie.
2939 2846 19 19 Il
2968 2850 29 15 ne
3007 2848 40 21 put
3058 2850 23 15 se
3093 2850 23 15 re-

2634 2871 57 19 lever
2705 2873 13 18 à
2733 2873 70 22 temps
2817 2873 22 18 et
2854 2872 20 19 le
2888 2872 92 23 premier
2994 2877 75 18 wagon
3098 2872 29 19 du

2635 2898 57 19 train
2705 2898 114 23 électrique
2831 2899 31 19 lui
2874 2903 68 19 coupa
2955 2899 20 19 le
2987 2899 55 23 pied.

2658 2925 18 18 A
2689 2929 24 15 ce
2725 2926 96 18 moment
2834 2925 89 20 arrivait
2935 2930 37 15 sur
2985 2930 42 15 une
3040 2926 75 19 deuxiè-

2634 2955 35 15 me
2681 2951 52 22 voie,
2745 2956 30 14 un
2788 2953 62 18 autre
2862 2952 58 19 train
2933 2952 120 23 électrique,
3065 2952 63 23 grâce

2634 2981 28 15 au
2679 2978 131 19 mécanicien
2827 2978 27 20 de
2870 2983 24 15 ce
2910 2979 85 20 dernier
3011 2979 65 22 train,
3091 2980 36 22 qui

2633 3005 77 22 stoppa
2726 3004 97 22 aussitôt,
2852 3006 29 18 M.
2910 3005 67 19 Krick
2993 3010 28 15 ne
3037 3006 35 19 fut
3088 3010 39 18 pas

2633 3030 73 20 écrasé
2722 3035 42 15 une
2779 3031 91 20 seconde
2885 3032 48 20 fois,
2949 3036 37 15 car
3013 3032 16 19 U
3056 3032 71 20 s'était

2634 3057 70 19 trainé
2716 3061 38 15 sur
2766 3058 57 19 cette
2835 3058 91 19 seconde
2940 3059 51 19 voie.

2657 3083 31 19 La
2706 3083 86 20 victime
2809 3084 36 23 qui
2863 3085 84 22 perdait
2964 3085 30 19 du
3011 3089 55 19 sang
3099 3090 28 14 en

2618 3122 5 6 .
2633 3109 126 20 abondance
2774 3110 35 20 fut
2824 3111 135 23 transportée
2974 3112 112 22 d'urgence
3113 3111 14 20 à

2619 3129 4 23 I
2633 3135 97 24 l'hôpital
2758 3136 27 20 de
2812 3137 75 20 Saint-
2889 3138 70 19 Josse-
2961 3139 48 18 ten-
3011 3139 72 18 Noode
3099 3138 26 19 où

2633 3167 39 15 son
2687 3163 47 19 état
2747 3168 14 14 a
2775 3163 34 20 été
2822 3163 51 23 jugé
2887 3164 44 19 très
2944 3168 70 19 grave.

2658 3189 47 19 Une
2720 3189 91 23 enquête
2825 3194 14 15 a
2854 3190 35 19 été
2903 3191 93 19 ouverte.
3011 3202 24 3 —
3050 3192 25 18 D.

2149 3927 39 29 LA
2196 3926 82 30 CONV
2279 3925 108 30 ENTION
2400 3926 47 29 MO
2448 3920 128 35 NÉTAIRE

2136 3987 76 21 Berne,
2225 3986 24 19 23
2262 3985 119 20 novembre.
2395 3995 24 4 —
2433 3986 29 19 Le
2475 3985 85 20 Conseil
2575 3985 22 19 fé-

2112 4009 59 20 déral
2184 4010 67 19 suisse
2264 4013 14 15 a
2291 4008 85 20 adressé
2383 4012 42 15 aux
2432 4009 178 22 gouvernements

2112 4033 27 20 de
2154 4033 22 19 la
2191 4032 131 23 République
2337 4031 114 22 française,
2466 4032 27 19 de
2509 4032 100 19 Grande-

2112 4057 107 22 Bretagne
2231 4056 22 19 et
2265 4055 37 20 des
2313 4055 133 21 Etats-Unis,
2458 4059 42 15 une
2512 4059 85 15 commu-

2114 4080 102 20 nication,
2228 4079 31 19 les
2273 4078 120 19 informant
2407 4078 50 23 qu'U
2471 4082 14 15 a
2500 4078 44 23 pris
2558 4082 41 15 con-

2112 4103 112 19 naissance
2239 4102 27 19 de
2282 4102 57 19 leurs
2360 4101 145 20 déclarations
2520 4106 77 15 concer-

2111 4127 56 18 nant
2177 4126 57 19 leurs
2245 4125 119 19 Intentions
2375 4129 28 15 en
2414 4124 90 20 matière
2515 4125 27 19 de
2553 4125 43 22 poli-

2113 4149 58 22 tique
2188 4148 119 20 monétaire
2335 4148 23 20 et
2387 4148 49 24 qu'U
2454 4152 108 19 approuve
2579 4148 31 19 les

2111 4172 106 23 principes
2243 4171 108 23 généraux
2376 4171 105 19 contenus
2506 4171 56 20 dans
2587 4172 21 18 la

2112 4195 128 20 convention
2270 4195 38 19 des
2338 4194 53 20 trois
2420 4194 124 23 pui._sances
2579 4195 30 19 du

2112 4219 24 19 25
2150 4218 125 23 septembre.

2135 4248 42 19 Par
2194 4248 56 19 cette
2268 4246 181 20 communication
2467 4247 104 22 formelle,
2589 4248 19 19 le

2111 4271 85 20 ConseU
2210 4270 82 20 fédéral
2306 4270 98 23 poursuit
2417 4270 32 20 les
2463 4270 146 23 négociations

2112 4294 182 20 antérieurement
2312 4293 121 19 annoncées
2463 4294 23 19 et
2516 4294 35 23 qui
2570 4295 39 19 ont

2112 4322 54 18 pour
2179 4318 39 19 but
2230 4317 27 19 de
2283 4316 93 22 réaliser,
2401 4321 27 15 en
2455 4316 154 21 collaboration

2111 4345 51 15 avec
2178 4341 94 19 d'autres
2300 4340 68 21 Etats,
2396 4339 118 20 l'adhésion
2543 4341 27 19 de
2586 4340 22 19 la

2111 4364 72 20 Suisse
2198 4363 13 20 à
2239 4364 21 19 la
2288 4363 129 20 convention
2445 4363 164 24 franco-anglo-

2111 4387 129 20 américaine
2250 4391 38 15 sur
2298 4387 31 19 les
2339 4386 113 20 livralasons
2463 4386 52 20 d'or.
2526 4397 24 4 —
2562 4387 34 19 Ha-

2112 4415 44 15 vas.

2655 3954 39 18 Les
2710 3954 64 18 belles
2789 3953 102 19 coiffures
2906 3953 102 22 d'Alsace,
3023 3954 30 19 tel
3069 3954 33 18 est

2654 3977 20 19 le
2687 3977 57 22 sujet
2757 3977 63 19 d'une
2833 3976 119 23 exposition
2965 3977 15 19 à
2993 3977 91 19 Paris.—
3084 3977 24 19 T.

2631 4070 38 29 LA
2688 4070 219 30 CONTREBANDE
2925 4070 38 29 DE
2981 4069 144 30 L'ALCOOL

3235 860 99 30 SANS
3354 862 50 29 EN
3423 863 130 29 AVOIR

3204 927 194 32 L'IMBROGLIO
3416 925 165 40 PROVOQUÉ

3253 971 61 29 PAR
3333 972 59 30 UNE
3414 973 119 29 DOUBLE

3168 1007 266 54 DÉCLARATION_DE
3452 1016 165 29 NAISSANCE

3168 1071 101 22 Louvain.
3286 1073 24 19 23
3328 1074 120 20 novembre.
3464 1085 26 4 —
3506 1075 134 24 L'imbroglio

3145 1097 105 20 provoque
3272 1099 39 19 par
3334 1096 21 19 la
3377 1097 131 20 déclaration
3531 1099 26 19 de
3579 1099 48 19 nais-

3143 1121 67 15 sance
3224 1118 54 19 laite
3293 1123 29 14 au
3337 1119 80 20 bureau
3433 1120 26 20 de
3474 1121 60 20 l'état
3548 1122 49 19 civil
3612 1123 27 18 de

3145 1140 102 22 Louvain,
3259 1141 22 21 je
3296 1142 27 18 1"
3338 1142 48 22 Juin
3401 1144 52 21 1935,
3467 1148 39 18 par
3520 1144 20 19 le
3553 1145 86 19 nommé

3145 1164 96 18 Armand
3256 1164 49 22 B...,
3320 1169 14 15 a
3347 1165 36 19 été
3399 1166 39 19 tiré
3454 1171 29 14 au
3497 1167 52 19 clair
3564 1172 40 19 par
3619 1168 20 19 le

3145 1190 90 19 parquet
3251 1187 26 19 de
3293 1188 101 19 Louvain.

3170 1210 58 18 Voici
3242 1212 109 18 comment
3365 1213 21 17 la
3400 1212 63 19 chose
3476 1213 51 19 s'est
3541 1215 73 21 passée
3632 1218 6 15 :

3169 1233 28 18 Le
3215 1233 23 18 15
3255 1233 44 19 mai
3317 1234 47 19 1935
3381 1236 75 21 naquit
3473 1235 14 19 à
3503 1237 89 18 .Knocite
3609 1240 30 15 un

3144 1255 79 20 enfant
3237 1256 92 22 naturel,
3344 1256 29 20 du
3387 1261 49 16 sexe
3451 1259 111 22 masculin,
3576 1260 27 19 de
3618 1260 22 19 la

3145 1278 98 19 nommée
3261 1280 57 18 Irma
3337 1280 161 23 Vandenbergn.
3516 1282 112 20 Contraire-

3144 1303 61 17 ment
3217 1305 43 16 aux
3272 1302 137 23 dispositions
3420 1303 77 23 légales
3508 1309 37 15 sur
3558 1305 21 19 la
3591 1309 37 15 ma-

3145 1324 59 21 tière,
3220 1326 56 18 cette
3291 1329 113 16 naïassance
3420 1330 28 15 ne
3463 1328 35 19 lut
3514 1332 38 18 pas
3568 1328 60 19 décla-

3144 1347 35 19 rée
3194 1347 13 19 à
3222 1348 94 22 Knocke,
3331 1349 54 19 mais
3400 1348 14 20 à
3427 1350 86 22 Bruges,
3528 1350 99 23 probable-

3144 1373 61 17 ment
3220 1371 56 19 dans
3290 1371 122 20 l'intention
3428 1372 26 20 de
3469 1373 21 19 la
3506 1374 82 19 cacher.

3169 1394 36 21 Or,
3226 1394 14 19 à
3262 1394 21 19 la
3304 1399 69 15 même
3394 1395 86 23 époque,
3501 1396 20 19 la
3542 1396 98 20 nommée

3144 1416 108 20 Gabrielle
3270 1418 64 19 Des...
3353 1418 104 19 s'adressa
3474 1419 12 19 à
3505 1419 89 20 l'Armée
3611 1420 29 19 du

3144 1439 68 23 Salut,
3228 1440 14 19 à
3259 1440 115 21 Bruxelles,
3391 1442 54 18 dans
3461 1441 20 20 le
3498 1442 38 20 but
3552 1442 76 24 d'adop-

3145 1465 32 16 ter
3191 1467 29 15 un
3234 1465 84 20 eniant,
3331 1468 28 15 ne
3372 1466 95 21 pouvant
3480 1465 48 22 plus
3540 1469 28 15 en
3581 1466 59 19 avoir

3144 1485 127 20 elle-même.
3287 1487 29 19 Le
3332 1489 59 20 gesté
3407 1487 26 20 de
3450 1488 107 19 Gaonelie
3573 1489 65 19 Des...

3145 1509 53 19 était
3213 1512 91 17 naturel.
3320 1510 44 19 Elle
3380 1511 72 19 venait
3467 1511 26 19 dc
3509 1511 74 21 (.erdre
3598 1515 42 15 une

3144 1531 78 21 fillette
3237 1533 27 19 de
3279 1533 53 20 trots
3346 1537 46 15 ans.
3407 1535 44 18 Son
3466 1537 59 16 cœur
3541 1534 26 19 de
3582 1534 59 19 mère

3145 1556 75 18 trouva
3240 1559 41 16 une
3300 1556 133 19 consolation
3452 1556 54 20 dans
3525 1556 116 24 l'adoption

3144 1578 30 19 du
3192 1578 84 20 mioche
3294 1579 37 22 qui
3349 1580 35 18 fut
3403 1579 71 20 confié
3493 1584 38 17 p:.r
3549 1584 25 15 sa
3593 1584 35 15 ma-

3144 1605 52 15 man
3214 1601 14 19 à
3246 1602 86 19 l'œuvre
3351 1602 119 20 charitable
3489 1602 98 23 précitée.

3168 1625 30 18 La
3217 1624 119 23 législation
3354 1629 38 15 sur
3411 1625 116 20 l'adoption
3546 1626 38 19 des
3600 1630 28 14 en-

3144 1647 61 19 fants
3227 1647 61 20 étant
3311 1648 43 20 très
3375 1648 72 20 .sévère
3469 1651 23 17 et
3513 1648 128 20 l'intéressée

3145 1674 27 15 ne
3193 1670 137 23 remplissant
3351 1675 40 19 pas
3412 1671 31 20 les
3463 1672 122 19 conditions
3606 1676 23 15 re-

3144 1693 70 22 quises
3230 1698 40 18 par
3286 1694 21 19 la
3324 1694 28 19 loi
3368 1698 54 19 pour
3438 1694 89 23 adopter
3543 1695 98 22 l'enfant,

3145 1716 39 20 elle
3198 1716 79 20 simula
3292 1721 42 15 une
3349 1721 104 19 grossesse
3468 1720 29 19 et,
3511 1717 20 19 le
3546 1719 95 18 moment

3145 1743 61 17 venu,
3224 1739 92 21 l'eniant
3334 1740 35 19 fut
3387 1740 84 20 déclaré
3491 1744 41 16 tme
3550 1741 91 19 seconde

3145 1762 41 19 fois
3207 1762 13 19 à
3241 1762 60 20 l'état
3321 1763 48 19 civil
3390 1763 26 20 de
3437 1764 102 21 Louvain,
3558 1767 83 15 comme

3144 1784 63 20 étant
3218 1785 28 19 né
3259 1786 27 19 de
3298 1785 107 20 Gabrielle
3418 1787 73 21 Des...,
3503 1789 23 17 et
3537 1789 61 20 reçut
3610 1786 31 19 les

3145 1812 100 18 prénoms
3260 1808 172 20 André-Octave.

3169 1831 106 23 Quelques
3294 1832 59 22 jours
3372 1832 69 22 après,
3460 1831 21 20 la
3500 1832 65 22 Jeune
3584 1832 57 19 mère

3145 1855 74 18 venait
3235 1856 136 18 reconnaître
3389 1855 97 21 l'enfant,
3504 1856 36 22 qui
3557 1856 35 19 fut
3609 1855 20 19 lé-

3145 1877 74 22 gitimé
3234 1881 39 19 par
3288 1878 21 18 la
3323 1878 63 20 suite.
3402 1878 42 19 lors
3460 1878 28 19 du
3504 1878 95 23 mariage
3614 1878 27 19 de

3146 1900 107 19 Gabrielle
3267 1901 65 19 Des...
3348 1904 51 16 avec
3414 1901 95 19 .Armand
3523 1902 41 19 B...

3169 1924 44 17 L'ai
3217 1924 53 19 faire
3291 1923 35 20 fut
3346 1924 125 19 découverto
3491 1924 138 19 accidentelle-

3146 1949 59 16 ment
3225 1950 39 19 par
3284 1946 104 22 l'enquête
3408 1947 106 19 effectuée
3533 1951 54 23 pour
3606 1951 23 15 re-

3146 1970 85 19 trouver
3248 1969 91 19 l'enfant
3356 1971 92 18 Jeanine
3465 1970 115 22 Ombeltts,
3597 1971 44 18 dis-

3145 1996 66 18 parue
3226 1992 27 19 de
3267 1992 22 19 la
3304 1992 117 20 Maternité
3436 1993 26 19 de
3476 1993 102 19 Louvain.

3169 2015 30 19 La
3217 2015 57 19 vraie
3291 2015 57 20 mère
3365 2018 35 16 lut
3416 2015 120 22 convoquée
3552 2020 29 15 au
3598 2017 30 18 Pa-

3146 2037 40 20 lais
3205 2038 26 19 de
3250 2038 82 20 Justice
3349 2041 24 17 et
3392 2038 28 20 fit
3438 2038 38 19 des
3495 2042 68 16 aveux
3582 2043 47 15 com-

3145 2061 61 22 plets.
3223 2061 19 21 D
3258 2061 63 20 s'agit
3338 2061 55 19 donc
3410 2061 26 19 de
3454 2062 94 19 rectifier
3565 2062 63 19 l'iden-

3147 2084 39 19 tité
3200 2084 26 19 de
3240 2084 97 19 reniant.
3350 2085 31 18 La
3396 2084 57 19 vraie
3466 2089 63 17 mère,
3543 2085 36 22 qui
3591 2085 51 19 s'est

3146 2106 79 20 mariée
3247 2107 75 22 depuis
3342 2110 24 16 et
3386 2108 37 22 qui
3444 2107 73 19 habite
3539 2107 90 20 actueUe-

3146 2131 61 18 ment
3225 2130 121 20 Mouscron.
3365 2134 27 15 ne
3413 2134 49 16 veut
3482 2130 48 23 plus
3549 2130 93 19 rece.-oir

3145 2157 40 14 son
3203 2153 83 20 enfant,
3303 2153 36 22 qui
3357 2157 14 15 a
3387 2153 35 19 été
3439 2153 71 19 conf-é
3527 2153 14 20 à
3559 2154 70 18 l'Assis-

3146 2179 64 15 tance
3223 2175 106 24 publique.

3170 2199 101 19 L'enfant
3287 2199 63 19 étant
3366 2199 90 21 mineur,
3473 2203 29 15 un
3519 2199 80 20 conseil
3615 2199 27 20 de

3145 2221 83 20 famUIe
3241 2222 39 20 dut
3294 2222 45 19 être
3352 2222 114 20 constitué.

3170 2245 129 21 Seulement,
3312 2249 29 15 un
3353 2248 79 16 eniant
3444 2245 91 22 naturel,
3549 2249 44 15 non
3606 2249 23 15 re-

3145 2272 78 15 connu,
3241 2269 36 18 n'a
3296 2268 127 22 légalement
3443 2272 40 19 pas
3501 2268 27 20 de
3547 2270 94 21 parents.

3145 2291 58 19 C'est
3218 2290 55 20 donc
3290 2295 30 15 un
3336 2291 80 20 conseil
3432 2291 77 19 d'amis
3524 2292 36 21 qui
3577 2296 13 14 a
3606 2290 35 20 été

3145 2313 113 22 constitué,
3273 2313 14 19 à
3303 2314 20 19 la
3340 2314 85 22 requête
3441 2314 28 19 de
3483 2315 29 18 M.
3528 2314 20 20 le
3564 2318 66 19 procu-

3145 2340 49 15 reur
3206 2336 30 20 du
3247 2337 33 19 roi
3291 2337 27 19 de
3330 2337 101 19 Louvain.
3444 2337 28 19 Le
3485 2336 84 22 conseil,
3582 2341 47 15 com-

3146 2360 50 22 posé
3213 2360 63 19 d'une
3294 2360 82 19 dizaine
3394 2360 113 20 d'avocats,
3525 2364 13 15 a
3556 2359 85 20 nommé

3145 2383 33 18 M'
3192 2382 53 22 Pels,
3258 2383 29 19 du
3300 2383 91 19 barreau
3405 2383 26 20 de
3444 2383 102 20 aLouvain.
3558 2387 83 15 comme

3146 2406 78 19 tuteur.

3170 2428 92 20 Celui-ci
3275 2428 64 20 devra
3352 2428 55 20 donc
3420 2429 129 23 poursuivie,
3562 2429 80 19 devant

3146 2451 20 20 le
3189 2452 94 19 tribunal
3307 2452 55 21 civil,
3391 2451 21 20 la
3442 2452 143 19 rectification
3615 2452 27 19 de

3146 2474 110 20 l'identité.
3275 2475 18 18 Il
3311 2475 153 22 appartiendra
3482 2475 14 19 à
3514 2476 55 18 cette
3587 2474 44 23 juri-

3146 2497 81 20 diction
3245 2498 26 19 de
3289 2497 95 20 déclarer
3402 2498 38 19 nul
3458 2498 62 19 l'acte
3538 2498 26 19 de
3583 2497 48 20 nais-

3145 2524 66 15 sance
3225 2523 22 17 et
3261 2520 21 20 la
3296 2520 177 20 reconnaissance
3486 2520 128 23 enregistrés
3628 2520 15 20 à

3147 2543 95 19 Louvain
3260 2545 25 18 et
3303 2544 26 19 de
3349 2544 99 19 modifier
3468 2544 61 19 l'acte
3549 2544 26 19 de
3595 2548 36 14 ma-

3146 2566 59 22 riage
3223 2566 38 20 des
3279 2566 69 23 époux
3367 2567 95 19 Armand
3481 2567 24 19 3.
3509 2566 134 20 ..-Gabrielle

3147 2590 73 21 Des...,
3238 2593 39 19 par
3295 2589 68 23 lequel
3382 2589 91 19 l'enfant
3491 2589 35 19 fut
3543 2589 100 22 légitimé.

3171 2613 74 21 Quant
3265 2612 15 19 à
3300 2612 86 19 l'action
3407 2612 124 21 restrictive,
3552 2613 51 18 c'est
3624 2612 19 19 le

3148 2635 95 19 tribunal
3269 2635 154 19 correctionnel
3450 2635 36 23 qui
3507 2639 53 15 aura
3581 2635 15 19 à
3614 2638 29 15 en

3147 2658 117 19 connaitre.
3284 2657 107 20 Gabrielle
3409 2659 66 19 Des...
3494 2659 50 18 s'est
3562 2658 81 19 rendue

3146 2680 104 23 coupable
3268 2681 30 19 du
3316 2680 53 21 délit
3387 2681 27 19 de
3431 2681 133 23 supposition
3584 2681 48 19 d'en-

3147 2704 56 19 fant.

3170 2728 129 18 Verra-t-on
3321 2730 37 15 sur
3379 2725 21 22 le
3421 2727 55 19 banc
3497 2726 38 20 des
3556 2726 86 20 accusés

3147 2754 42 15 une
3212 2750 80 19 femme
3315 2749 102 24 coupable
3435 2750 79 19 d'avoir
3532 2749 64 20 voulu
3613 2754 29 15 un

3147 2773 77 19 enfant
3237 2777 51 15 avec
3301 2775 48 21 trop
3362 2773 104 21 d'ardeur,
3479 2773 57 19 alors
3548 2776 46 20 que,
3607 2777 37 15 sur

3147 2800 24 15 ce
3188 2796 68 19 même
3273 2796 61 21 banc,
3349 2796 39 20 ont
3404 2795 64 20 défilé
3485 2797 49 18 tant
3550 2796 93 19 d'autres

3147 2819 90 19 femmes
3260 2818 114 24 coupables
3397 2819 27 19 de
3448 2820 48 18 n'en
3521 2819 59 19 avoir
3604 2823 39 19 pas

3146 2842 63 19 voulu
3224 2842 29 20 du
3270 2843 47 18 tout
3325 2843 11 18 ?

2147 4472 134 30 FAVEU
2283 4472 25 29 R
2328 4472 83 29 AUX
2424 4472 24 29 B
2450 4472 122 29 ELGES

2133 4532 67 21 Paris.
2212 4532 24 18 23
2249 4531 120 19 novembre.
2382 4541 24 4 —
2418 4531 40 19 Les
2470 4531 138 22 dispositions

2111 4555 78 23 légales
2202 4555 132 19 concernant
2360 4554 80 19 l'office
2466 4554 29 19 du
2509 4554 35 20 blé
2558 4558 50 19 por-

2111 4579 70 19 ataient
2196 4578 137 19 interdiction
2351 4582 42 14 aux
2409 4577 117 23 étrangers,
2543 4578 26 19 de
2585 4582 23 14 se

2111 4602 63 19 Uvrer
2185 4606 28 15 en
2225 4602 82 18 France
2319 4605 28 15 au
2359 4604 118 16 commerce
2490 4601 29 19 du
2531 4601 40 19 blé.

2134 4624 125 20 Défendant
2275 4624 31 19 les
2322 4623 91 20 intérêts
2429 4624 37 19 des
2483 4624 124 23 négociants

2110 4648 77 21 belges,
2198 4647 140 20 l'ambassade
2350 4647 26 19 de
2389 4647 100 23 Belgique
2502 4652 12 14 a
2527 4651 29 19 pu
2568 4648 28 18 ob-

2110 4672 57 19 tenir
2183 4671 30 20 du
2241 4671 167 22 gouvernement
2437 4670 102 22 français,
2566 4674 41 19 que

2109 4695 57 19 cette
2180 4694 138 19 interdiction
2344 4694 43 19 soit
2413 4694 113 22 rapportée
2540 4698 28 15 en
2582 4697 25 15 ce

2110 4718 35 23 qui
2159 4717 31 20 les
2202 4721 110 16 concerne.
2327 4727 22 4 —
2363 4716 72 22 Belga.

2128 4781 19 27 7
2160 4778 226 30 ARRESTATIONS
2400 4780 20 27 A
2433 4779 155 29 SHANGHAI

2134 4838 119 23 Shanghaï,
2271 4838 24 19 23
2313 4837 120 20 novembre.
2451 4847 24 5 —
2492 4838 19 18 A
2528 4837 22 20 la
2567 4837 28 19 de-

2109 4862 79 19 mande
2203 4862 38 19 des
2257 4860 104 20 autorités
2376 4861 113 22 chinoises,
2505 4860 31 20 les
2551 4860 43 23 poli-

2108 4890 35 15 ces
2158 4885 107 22 française
2280 4885 23 19 et
2318 4884 167 19 Internationale
2501 4885 39 18 ont
2555 4888 40 19 pro-

2107 4908 52 20 cédé
2172 4908 15 19 à
2201 4907 143 20 l'arrestation
2371 4907 27 19 de
2424 4908 48 21 sept
2498 4907 108 19 individus

2108 4931 133 23 soupçonnés
2256 4930 67 20 d'être
2339 4930 32 20 les
2386 4930 139 22 instigateurs
2541 4930 27 20 de
2584 4930 22 19 la

2107 4954 63 24 grève
2187 4954 38 20 des
2244 4954 99 19 filatures
2360 4954 123 22 Japonaises
2500 4953 14 20 à
2532 4953 62 19 Shan-

2107 4978 58 23 ghaï.
2178 4987 23 5 —
2214 4978 86 19 Reuter.

2170 5035 22 27 4
2210 5032 53 30 TU
2265 5027 56 41 ÉS,
2342 5034 18 28 7
2381 5032 72 30 BLE
2456 5026 90 36 SSÉS

2131 5093 76 19 Brunn
2229 5092 24 20 23
2266 5092 120 19 novembre.
2402 5102 31 6 —
2441 5092 30 19 Le
2487 5092 75 23 rapide
2577 5092 27 19 de

2108 5117 74 17 Brunn
2196 5116 34 19 est
2241 5115 62 20 entré
2316 5120 28 15 en
2357 5115 103 22 collision,
2473 5116 15 18 à
2502 5116 103 21 Letovice,

2106 5143 52 16 avec
2173 5143 30 15 un
2218 5139 59 19 train
2291 5139 28 19 de
2334 5139 166 18 marchandises.

2133 5162 17 19 Il
2167 5166 12 18 y
2196 5167 12 14 a
2224 5162 76 23 quatre
2316 5161 48 21 tués
2379 5163 23 19 et
2417 5163 48 22 sept
2482 5162 83 19 blessés.
2581 5171 25 5 —

2107 5185 72 23 Belga.

2717 4137 40 20 (De
2769 4136 61 19 notre
2842 4135 182 23 correspondant.)

2647 4167 66 21 Paris,
2726 4166 24 19 23
2764 4165 120 20 novembre.
2890 4175 24 4 —
2923 4165 51 19 (Par
2988 4165 26 19 fil
3027 4164 94 23 spécial.)

2628 4200 24 4 —
2664 4190 47 19 Une
2723 4189 97 19 nouvelle
2832 4189 56 22 prise
2900 4189 59 18 vient
2970 4188 67 19 d'être
3049 4187 75 23 opérée

2629 4217 40 19 par
2683 4213 20 19 le
2716 4213 80 19 service
2810 4212 27 19 de
2852 4211 118 23 répression
2985 4211 38 19 des
3038 4210 88 20 fraudes

2627 4237 56 19 dans
2694 4237 38 18 des
2742 4236 157 19 circonstances
2910 4235 35 22 qui
2957 4234 95 20 relèvent
3063 4234 49 23 quel-

2629 4264 40 19 que
2688 4264 40 18 peu
2746 4259 30 19 du
2795 4263 74 14 roman
2888 4258 86 23 policier

2646 4290 18 18 A
2670 4290 78 20 Dreux,
2755 4288 14 19 à
2782 4289 35 18 100
2830 4288 43 19 km.
2885 4288 89 19 environ
2987 4287 27 19 de
3020 4287 68 21 Paris,
3093 4287 31 19 les

2628 4313 131 22 inspecteurs
2770 4311 30 20 du
2811 4311 80 19 service
2903 4311 87 19 avaient
3002 4310 66 20 étabU
3081 4314 43 15 une

2628 4335 119 22 souricière,
2774 4339 28 15 en
2830 4338 39 16 vue
2897 4333 169 23 d'appréhender
3095 4337 29 15 un

2616 4355 5 26 |
2628 4360 85 19 homme
2726 4358 42 23 qui.
2782 4358 75 22 depuis
2870 4358 27 19 de
2910 4357 88 23 longues
3011 4357 113 21 semaines,

2616 4385 5 16 i
2628 4382 113 20 effectuait
2757 4382 20 19 le
2806 4382 110 21 transport
2944 4381 27 19 de
3000 4380 81 19 l'alcool
3097 4380 27 19 de

2616 4399 5 25 I
2627 4405 144 20 contrebande
2788 4403 94 21 ramassé
2910 4408 40 19 par
2977 4403 31 20 lui
3024 4407 28 15 en
3068 4404 44 18 Nor-

2628 4429 92 19 mandie.

2651 4458 101 19 Soudain,
2767 4457 30 19 les
2811 4457 132 22 inspecteurs
2958 4456 71 19 virent
3043 4456 82 19 arriver

2626 4481 14 19 à
2654 4482 59 18 toute
2727 4481 66 18 allure
2819 4480 66 19 l'auto
2910 4480 30 19 du
2953 4479 171 19 contrebandier.

2625 4504 30 19 Ils
2663 4504 113 19 voulurent
2785 4503 21 19 la
2816 4503 55 19 faire
2880 4504 93 21 stopper,
2982 4503 56 19 mais
3047 4502 65 19 l'hom-

2628 4532 40 15 me,
2675 4528 34 21 qui
2727 4527 59 19 avait
2802 4526 35 20 été
2853 4526 93 19 Informé
2963 4530 40 19 par
3018 4530 35 15 ses
3069 4526 56 19 amis

2626 4551 27 19 de
2666 4550 21 19 la
2700 4550 76 19 chasse
2800 4550 63 22 qu'on
2889 4549 59 20 avait
2961 4549 123 19 l'intention
3097 4549 27 19 de

2627 4574 29 19 lul
2669 4574 89 21 donner,
2770 4577 85 19 appuya
2868 4577 37 15 sur
2919 4572 158 20 l'accélérateur
3102 4573 23 19 et

2626 4597 88 19 s'enfuit
2726 4596 15 19 à
2755 4597 59 19 toute
2828 4596 83 19 vitesse.

2650 4626 39 19 Les
2707 4626 132 22 inspecteurs
2867 4630 23 14 se
2919 4625 112 19 lancèrent
3059 4625 14 19 à
3090 4628 34 16 ses

2626 4651 93 17 trousses
2730 4650 28 20 et,
2771 4649 96 22 pendant
2879 4648 49 23 près
2939 4648 64 19 d'une
3015 4648 73 22 heure,
3099 4652 25 15 ce

2626 4673 40 21 fut,
2680 4677 38 15 .sur
2732 4672 21 19 la
2769 4673 67 20 route,
2862 4675 43 16 une
2931 4676 75 15 course
3021 4671 103 19 effrénée.

2626 4695 85 20 Arrivée
2724 4699 30 15 un
2767 4699 41 19 peu
2820 4696 68 18 avant
2900 4695 22 19 la
2934 4696 62 22 porte
3008 4694 28 20 de
3048 4695 76 19 Saint-

2625 4719 75 21 CIoud,
2714 4719 14 19 à
2745 4720 65 19 Pans,
2825 4718 66 19 l'auto
2906 4718 38 19 des
2959 4718 98 23 policiers
3072 4721 40 19 par-

2625 4742 47 20 vint
2686 4741 15 20 à
2713 4742 86 22 bloquer
2815 4742 21 19 la
2852 4742 82 19 voiture
2948 4742 30 19 du
2993 4741 119 19 contreban-

2625 4765 46 20 dier
2683 4770 27 14 en
2723 4765 91 19 bordure
2825 4765 28 19 de
2865 4764 21 20 la
2899 4766 67 18 route.

2649 4795 29 18 Le
2697 4795 124 18 malfaiteur
2839 4798 24 15 se
2881 4795 80 21 voyant
2980 4794 50 22 pris,
3048 4797 76 18 essaya
3131 4784 4 36 |

2625 4818 27 19 de
2664 4818 56 19 faire
2731 4817 88 20 marche
2831 4817 86 19 arrière.
2929 4817 18 19 Il
2959 4817 110 19 s'ensuivit
3081 4820 42 16 une

2625 4841 95 19 collision
2734 4845 41 19 que
2789 4840 100 20 l'homme
2903 4842 60 17 tenta
2977 4840 27 19 de
3018 4841 78 18 mettre
3109 4839 15 19 à

2625 4864 67 23 profit
2706 4868 54 19 pour
2773 4864 44 19 fuir
2830 4864 15 19 à
2858 4865 83 18 travers
2953 4863 99 22 champs;
3068 4863 56 18 mais

2625 4893 33 14 ses
2671 4888 149 22 poursuivants
2832 4887 75 19 furent
2918 4887 57 19 aussi
2982 4886 42 20 vifs
3035 4890 40 19 que
3086 4886 37 19 lui.

2650 4917 94 23 Rejoint,
2759 4917 19 19 le
2800 4916 165 20 contrebandier
2985 4916 36 19 fut
3035 4915 89 20 conduit

2625 4945 28 15 au
2667 4940 155 19 commissariat
2836 4940 27 19 de
2878 4939 71 23 police.
2963 4939 19 19 H
2995 4938 63 23 s'agit
3071 4939 52 19 d'un

2626 4964 85 19 nommé
2725 4964 94 22 Georges
2833 4963 109 22 Chapron,
2955 4962 25 19 24
2993 4966 46 18 ans,
3053 4962 57 19 domi-

2625 4987 48 19 cilié
2685 4986 14 20 à
2712 4987 109 20 Suresnes.
2834 4986 83 19 faisant
2929 4986 69 22 partie
3010 4985 64 20 d'une
3087 4989 36 16 as-
3131 5002 4 6 ,

2624 5010 105 20 sociatlon
2742 5010 27 19 de
2782 5009 180 19 contrebandiers.

2649 5040 75 19 L'auto
2740 5039 50 23 qu'il
2806 5038 122 20 conduisait
2945 5038 56 20 était
3016 5038 90 22 truquée
3115 5042 6 15 :
3131 5027 3 37 |

2625 5063 102 19 réservoir
2743 5063 23 19 et
2781 5062 65 19 malle
2862 5061 79 20 arrière
2957 5061 82 20 étaient
3055 5064 56 19 agen-

2624 5086 36 20 cés
2679 5090 53 19 pour
2751 5085 93 20 recevoir
2863 5085 27 20 de
2910 5084 117 20 nombreux
3047 5084 76 20 bidons

2625 5109 89 20 d'alcool

2649 5139 58 19 C'est
2721 5138 55 20 ainsi
2804 5141 41 20 que
2872 5137 49 24 plus
2947 5137 27 20 de
2990 5138 57 19 mille
3064 5138 60 18 litres

2625 5161 88 21 d'alcool
2730 5161 27 20 de
2773 5160 146 21 contrebande
2935 5160 15 21 &
2965 5161 34 19 90°
3015 5161 31 23 s'y
3063 5163 72 17 trou-,

2625 5185 75 20 valent
2714 5184 130 24 -entreposés.
3132 5183 5 23 I

3147 2910 34 29 M.
3193 2909 63 30 VAN
3266 2910 52 28 ZEE
3318 2909 81 29 LAND
3411 2910 22 28 A
3446 2909 38 29 LA
3497 2903 148 36 LOUVIÈRE

3170 2969 30 19 La
3219 2968 108 23 Louvière,
3346 2969 24 19 23
3389 2969 121 19 novembre.
3529 2979 26 4 —
3573 2968 70 20 Lundi

3145 2992 49 22 soir,
3210 2993 30 18 M.
3257 2992 19 19 le
3293 2992 91 23 premier
3400 2992 104 21 ministre.
3521 2991 66 20 Invité
3604 2996 39 19 par

3145 3015 21 19 la
3180 3015 107 20 Chambre
3302 3015 26 19 de
3341 3016 123 19 Commerce
3477 3017 23 17 et
3514 3015 128 20 d'Industrie

3146 3038 29 19 du
3192 3039 85 21 Centre,
3294 3040 32 17 est
3344 3042 55 15 venu
3417 3038 70 21 parler
3504 3042 28 15 au
3549 3037 94 21 Théâtre

3145 3062 27 18 de
3190 3062 30 18 La
3237 3061 108 20 Louvière.

3169 3085 47 19 Une
3236 3084 109 23 réception
3365 3084 59 20 avait
3444 3083 34 20 été
3498 3084 110 23 organisée
3628 3084 14 19 à

3145 3108 56 18 cette
3218 3107 98 19 occasion
3334 3111 27 16 en
3379 3107 73 19 l'hôtel
3469 3107 28 19 de
3514 3106 54 20 ville.
3584 3108 58 18 Tous

3145 3130 31 20 les
3188 3130 122 19 conseUlers
3322 3130 82 20 étaient
3417 3130 103 23 préaSents.

3169 3154 30 18 M.
3212 3153 120 19 Alexandre
3346 3153 77 21 André,
3437 3153 88 19 échevin
3539 3153 27 20 de
3579 3153 63 19 ITns-

3145 3176 100 22 tructlon,
3265 3176 26 19 ff.
3311 3176 27 20 de
3357 3176 150 22 bourgmestre,
3528 3176 54 20 dans
3602 3180 39 15 Mn

3145 3199 94 20 discours
3253 3199 26 20 de
3293 3199 123 22 bienvenue,
3429 3203 14 15 a
3455 3198 86 24 rappelé
3555 3199 30 19 les
3598 3199 43 19 ori-

3145 3222 60 23 aagines
3222 3222 106 20 modestes
3345 3222 27 19 de
3389 3222 22 19 la
3428 3222 92 23 capitale
3538 3222 29 19 du
3584 3223 45 19 Cen-

3146 3247 38 20 tre,
3198 3245 54 20 dont
3265 3245 20 20 le
3298 3245 176 23 développement
3487 3249 14 15 a
3514 3245 35 19 été
3562 3245 80 23 rapide.

3145 3269 29 19 M.
3192 3268 71 19 André
3281 3273 13 14 a
3311 3268 64 19 narré
3391 3272 28 15 en
3437 3269 79 18 termes
3532 3268 110 23 éloquents

3145 3291 21 20 la
3182 3291 34 20 vie
3231 3291 129 22 besogneuse
3375 3293 23 18 et
3414 3291 69 19 active
3499 3291 37 20 des
3551 3290 78 25 popula-

3145 3315 57 19 tions
3227 3314 154 22 travailleuses;
3408 3314 15 19 il
3447 3318 14 15 a
3485 3313 60 21 parlé
3569 3313 26 21 de
3620 3313 22 20 la

3145 3337 56 23 plaie
3218 3338 29 18 du
3263 3337 113 23 chômage;
3395 3337 15 19 il
3427 3341 14 15 a
3457 3336 83 24 signalé
3557 3337 19 19 le
3593 3341 49 19 gros

3145 3361 67 19 effort
3226 3361 30 18 du
3270 3360 152 21 contribuable,
3437 3364 40 19 que
3492 3360 41 19 l'on
3548 3364 28 15 ne
3591 3360 51 23 peut

3144 3383 48 24 plus
3207 3383 152 20 actuellement
3374 3387 73 18 grever
3463 3383 127 22 davantage.

3169 3407 29 19 Le
3214 3406 26 19 ff.
3256 3406 27 20 de
3300 3406 145 20 bourgmestre
3461 3410 14 15 a
3491 3405 87 24 indiqué
3595 3405 48 20 tout

3145 3434 24 15 ce
3182 3430 36 22 qui
3233 3430 32 19 est
3279 3429 43 19 fait
3335 3429 55 19 dans
3404 3429 20 20 le
3438 3429 100 19 domaUie
3552 3429 26 19 de
3592 3429 38 19 l'as-

3144 3452 94 21 sistance
3262 3451 99 24 publique
3386 3453 22 18 et
3438 3452 27 19 de
3495 3451 146 23 l'habitation;

3145 3476 162 19 l'urbanisation
3323 3475 27 19 de
3367 3475 104 23 plusieurs
3487 3475 105 21 quartiers
3609 3475 42 19 est"

3146 3499 51 18 mise
3212 3502 29 16 au
3255 3498 68 23 point,
3337 3498 63 19 a-t-U
3413 3502 77 15 encore
3505 3498 38 20 dit.
3557 3498 55 19 mais
3626 3498 16 19 11

3145 3522 80 19 restera
3242 3521 14 19 à
3272 3521 60 19 doter
3348 3522 31 18 La
3395 3520 101 20 Louvière
3512 3521 63 19 d'une
3591 3524 51 19 gare

3144 3544 101 20 centrale.
3264 3545 31 19 Ce
3313 3544 71 23 projet
3403 3544 135 23 permettrait
3557 3543 73 20 d'énor-

3145 3572 45 14 mes
3208 3566 126 22 économies,
3353 3571 27 15 en
3400 3567 69 19 même
3488 3568 70 21 temps
3577 3570 64 19 qu'un

3145 3590 63 20 trafic
3224 3591 91 19 intense,
3331 3590 36 21 qui
3383 3591 116 18 assurerait
3516 3590 21 19 la
3553 3589 88 24 prospé-
3648 3587 5 4 "

3144 3613 41 20 rite
3198 3613 29 19 du
3240 3617 118 15 commerce
3372 3612 118 20 louviérois.

3167 3637 19 19 H
3199 3638 56 18 reste
3269 3636 57 20 aussi
3339 3636 21 19 la
3374 3635 95 20 création
3483 3636 63 19 d'une
3560 3636 69 20 mater-

3145 3659 51 22 nité,
3212 3660 63 18 d'une
3292 3659 71 20 plaine
3379 3658 27 21 de
3420 3659 72 23 sporats
3507 3660 22 18 et
3544 3659 28 19 de
3586 3662 44 15 nou-

3145 3687 67 14 veaux
3226 3682 117 20 bâtiments
3356 3681 105 20 scolaires.
3475 3682 29 19 M.
3518 3681 72 20 André
3603 3681 26 19 de-

3145 3705 78 19 mande
3245 3709 29 15 au
3297 3705 92 22 premier
3411 3704 98 20 ministre
3532 3704 27 20 de
3581 3704 55 19 faire

3144 3728 109 19 examiner
3268 3732 36 16 ces
3319 3729 82 22 projets
3416 3731 51 16 avec
3483 3727 158 20 bJenveUlance.

3168 3753 30 18 M.
3213 3751 20 20 le
3248 3751 91 23 premier
3355 3751 97 19 ministre
3467 3751 35 19 fut
3517 3750 57 20 alors
3589 3754 40 16 con-

3144 3775 47 19 duit
3204 3779 29 15 au
3248 3774 92 20 château
3355 3774 26 19 de
3396 3774 21 19 la
3431 3773 100 23 Closlère,
3545 3773 55 20 local
3614 3773 27 19 de

3144 3797 21 20 la
3184 3798 107 19 Chambre
3311 3797 26 19 de
3356 3798 124 19 Commerce
3500 3797 22 19 et
3541 3796 99 20 dTndus-

3144 3820 41 20 trie
3199 3821 29 18 du
3241 3821 86 20 Centre,
3340 3820 28 20 où
3382 3820 59 19 avait
3455 3819 41 20 lieu
3512 3823 41 16 une
3567 3819 74 19 courte

3145 3843 61 24 récep
3208 3843 53 24 tionj

3168 3873 30 18 M.
3217 3872 80 19 Marcel
3317 3872 62 20 Tock,
3399 3870 115 25 président,
3533 3874 109 20 prononça

3145 3899 42 16 une
3203 3895 62 20 brève
3281 3894 123 20 allocution.

3168 3919 47 19 Une
3236 3918 77 23 longue
3333 3922 106 15 caravane
3461 3917 83 20 d'autos
3563 3921 23 16 se
3607 3916 22 20 di-

3144 3941 58 23 rigea
3226 3941 83 20 ensuite
3332 3945 48 15 vers
3402 3941 20 19 le
3444 3939 94 21 Théâtre
3561 3940 26 19 de
3610 3940 31 19 La

3144 3964 108 22 Louvière,
3266 3964 35 23 qui
3314 3963 56 20 était
3383 3963 88 22 comble,
3485 3963 20 19 le
3519 3963 70 23 public
3603 3961 26 21 dé-

3144 3988 92 19 bordant
3256 3987 75 23 jusque
3352 3991 36 15 sur
3408 3987 30 19 les
3458 3986 96 20 trottoirs
3574 3986 25 19 de
3620 3985 22 20 la

3145 4015 37 15 rue
3201 4010 91 20 Charles
3312 4010 89 19 Nicalse.

3169 4041 17 18 A
3206 4044 40 15 son
3268 4038 88 22 arrivée,
3377 4039 30 19 M.
3428 4042 43 15 van
3493 4038 92 20 Zeeland
3607 4037 35 20 fut

3142 4062 200 20 chaleureusement
3356 4061 100 20 acclamé.
3471 4062 36 19 Un
3522 4061 118 23 important

3142 4086 81 19 service
3236 4085 120 20 d'honneur
3369 4084 59 20 avait
3442 4084 34 19 été
3489 4083 98 24 organisé
3601 4087 40 20 par

3143 4109 21 19 la
3182 4109 66 22 police
3265 4109 22 19 et
3303 4108 22 19 la
3341 4107 148 23 gendarmerie

3168 4132 100 19 Pendant
3283 4131 47 23 plus
3346 4131 63 19 d'une
3424 4131 73 21 heure,
3512 4131 29 18 M.
3556 4129 21 20 le
3592 4133 38 20 pre-

3143 4155 53 19 mier
3210 4154 97 20 ministre
3322 4154 105 20 entretint
3440 4157 40 16 son
3495 4152 104 20 auditoire
3614 4152 27 19 de

3143 4178 87 19 l'œuvre
3245 4176 208 24 gouvernementale,
3468 4176 14 19 à
3497 4175 90 24 laquelle
3601 4179 40 16 son

3144 4200 76 24 équipe
3231 4201 51 19 s'est
3295 4199 107 20 attachée.
3415 4200 20 19 Il
3448 4199 33 20 dit
3493 4204 25 15 ce
3531 4199 37 23 qui
3580 4203 14 15 a
3607 4197 34 21 été

3144 4224 47 21 fait,
3206 4228 24 15 ce
3243 4223 37 23 qui
3294 4224 56 18 reste
3364 4223 14 19 à
3392 4222 61 20 faire.

3168 4248 47 18 Une
3234 4246 87 20 ovation
3340 4245 63 20 salua
3421 4249 35 16 ses
3475 4244 108 21 dernières
3601 4248 28 18 pa-

3143 4269 60 20 roles.

3168 4294 35 18 Un
3221 4292 95 23 banquet
3333 4296 14 16 a
3364 4291 82 21 clôturé
3464 4291 20 20 la
3502 4290 74 20 soirée.

3173 4355 40 28 UN
3233 4354 108 29 DRAME
3361 4354 37 28 DE
3416 4353 39 29 LA
3472 4351 144 30 JALOUSIE

3168 4421 88 21 -Anvers,
3270 4420 24 20 23
3310 4419 120 20 novembre.
3446 4429 25 4 —
3486 4419 19 19 Il
3520 4423 15 19 y
3550 4422 14 16 a
3579 4418 49 24 quel-

3143 4453 41 19 que
3202 4451 76 21 temps,
3296 4453 30 15 un
3345 4448 83 21 ce.rtaln
3446 4448 83 23 Claeys,
3546 4447 37 24 qui
3601 4452 27 15 ex-

3145 4479 86 23 ploitait
3258 4482 30 16 un
3316 4478 75 19 atelier
3417 4477 27 20 de
3471 4478 126 19 carrosserie
3627 4477 15 20 à

3144 4508 91 23 Burght,
3259 4508 71 23 quitta
3355 4511 39 16 son
3419 4506 97 20 domicile
3541 4507 101 23 conjugal

3145 4541 54 19 pour
3213 4537 54 20 aller
3282 4537 57 19 vivre
3355 4536 86 20 ailleurs
3455 4540 52 16 avec
3522 4540 42 16 une
3579 4537 63 19 autre

3144 4567 80 20 femme
3237 4566 27 20 de
3277 4566 91 23 Burght.

3167 4596 45 18 Son
3231 4596 78 22 épouse
3329 4595 93 19 chercha
3442 4595 57 19 aussi
3520 4594 121 24 longtemps

3143 4625 85 23 jusqu'à
3242 4629 24 15 ce
3279 4624 75 23 qu'elle
3368 4625 38 19 eut
3419 4624 75 19 trouvé
3508 4624 22 19 la
3544 4624 98 20 nouveUe

3144 4654 85 19 adresse
3245 4654 28 19 de
3289 4653 108 20 l'infidèle.
3413 4654 72 22 Ayant
3501 4654 73 22 appris
3590 4653 51 24 qu'U

3143 4684 94 19 habitait
3253 4683 99 21 Contich,
3369 4683 48 19 M"*
3434 4682 78 24 Claeys
3528 4687 23 16 se
3568 4683 72 19 rendit

3143 4713 55 19 dans
3212 4717 25 15 ce
3253 4713 81 21 village.
3351 4712 45 20 Elle
3411 4713 32 19 vit
3459 4712 20 20 le
3494 4712 48 20 vélo
3557 4713 27 19 de
3599 4717 41 16 son

3143 4742 55 19 mari
3215 4742 80 19 devant
3313 4745 30 16 un
3362 4742 103 22 magasin.
3483 4741 45 20 EUe
3546 4742 95 20 attendit

3144 4771 101 23 quelques
3260 4771 95 20 instants
3371 4772 23 18 et
3410 4772 83 22 lorsque
3509 4771 77 24 Claeys
3601 4776 29 19 pa-

3144 4802 36 18 rut
3192 4800 41 20 elle
3245 4800 29 19 lui
3287 4800 109 20 demanda
3407 4800 28 20 de
3447 4801 115 23 reprendre
3574 4801 22 20 la
3608 4801 35 22 vie

3144 4833 119 16 commune.

3168 4868 25 5 —
3205 4859 58 19 Vous
3278 4859 46 19 êtes
3340 4860 70 18 morte
3426 4863 54 20 pour
3496 4860 50 23 mol,
3563 4860 66 24 répon-

3142 4888 66 20 dit-il

3168 4919 31 19 La
3214 4919 80 19 femme
3309 4918 101 23 furieuse,
3424 4919 63 20 sortit
3502 4923 31 16 un
3548 4919 96 21 revolver

3142 4948 27 19 de
3184 4952 25 15 sa
3224 4948 91 20 sacoche
3330 4950 22 18 et
3368 4948 19 21 le
3403 4948 120 23 déchargea
3538 4953 48 16 vers
3600 4953 41 17 son

3144 4977 56 19 mari
3220 4978 37 22 qui
3279 4977 36 20 fut
3336 4978 79 19 touché
3436 4982 28 16 en
3485 4978 58 24 plein
3565 4979 78 23 visage.

3144 5007 176 23 Heureusement,
3334 5011 30 16 un
3378 5008 97 19 médecin
3489 5008 99 20 constata
3601 5012 41 19 que

3143 5036 21 19 la
3179 5036 94 20 blessure
3288 5037 55 20 n'est
3358 5041 39 19 pas
3412 5038 102 18 mortelle.

3169 5066 31 20 La
3216 5067 104 23 coupable
3335 5067 72 20 s'était
3424 5068 52 18 mise
3492 5067 15 20 à
3523 5066 63 21 roder
3601 5071 30 16 au-

3143 5097 49 18 tour
3209 5096 26 19 de
3252 5096 22 20 la
3292 5097 90 22 maison,
3398 5097 121 24 regrettant
3535 5100 39 16 son
3592 5096 48 20 acte

3142 5127 23 18 et
3185 5126 117 20 attendant
3322 5130 54 19 pour
3395 5126 60 20 avoir
3474 5126 39 19 des
3532 5125 109 21 nouveUes

3145 5159 37 15 sur
3196 5153 62 22 l'état
3272 5155 27 21 de
3314 5159 40 16 son
3367 5156 62 19 mari.
3444 5155 45 20 EUe
3504 5159 14 16 a
3533 5155 34 21 été
3582 5155 48 19 arrê-

3146 5185 40 19 tée.
