3682 5049
274 309 52 33 N°
351 306 85 36 46T.

1646 337 54 32 LE
1736 337 144 33 RADIO

320 823 385 74 BUEIEIIN
777 799 626 95 HEWOMÀRAÎRE
1462 822 96 72 »U
1599 817 254 76 POSTE
1915 821 147 72 PES
2117 823 451 77 TERETIES

321 944 304 56 ttÉDACTÎON
649 969 13 31 :
720 954 210 47 -45.Rue
955 957 89 43 des
1060 957 35 44 C
1110 953 269 57 rpisadeb,
1407 956 356 45 BRUXELLES
1785 994 13 16 ,
1827 957 332 65 Téléphone;
2188 953 354 60 17.03.05*04.

258 1160 250 52 2>awnaa
534 1179 77 32 au
637 1160 327 67 tnictapfiane
991 1159 143 52 dan&

259 1291 460 110 “Boudu,
741 1295 348 88 sauvé
1129 1293 200 90 des
1365 1293 346 92 Eaux”

2353 1273 318 86 Stadie

1986 1457 132 32 noua,
2145 1437 60 51 la
2233 1437 240 51 Aauhaite
2500 1438 161 51 benne.
2687 1445 47 44 et
2760 1438 278 52 fieuwu&e!

536 2657 187 32 Darman
747 2661 43 29 et
812 2658 142 32 Auzat
977 2658 111 32 dans
1107 2668 86 22 une
1214 2659 136 32 scène
1371 2657 55 34 de

660 2713 22 13 **
703 2708 161 36 Boudu,
883 2710 136 32 sauvé
1039 2709 80 33 des
1139 2709 121 33 Eaux
1280 2732 22 13 „

253 2800 82 94 H
348 2802 300 23 ONNAISSEZ-VOUS
671 2809 14 15 «
708 2804 97 22 Boudu
828 2810 26 21 »,
877 2804 24 23 le
923 2804 143 27 vagabond
1088 2805 193 26 magnifique?
1304 2811 15 15 «
1341 2805 98 22 Boudu
1462 2811 15 16 »
1500 2807 44 21 est
1564 2807 46 21 cet
1632 2805 55 23 hila­

377 2839 61 20 rant
464 2843 175 22 personnage
663 2839 69 22 sorti
759 2839 35 23 de
819 2839 197 27 l’imagination
1043 2841 34 21 de
1104 2839 75 23 René
1206 2839 146 29 Fauchois,
1380 2839 143 25 illustrant
1549 2840 153 28 l’originale

376 2874 125 22 comédie
518 2875 46 26 qui
582 2874 93 23 révéla
690 2881 35 17 au
744 2875 94 27 public
856 2876 24 22 le
897 2876 88 23 talent
1002 2876 34 23 de
1055 2875 100 23 Michel
1173 2875 104 23 Simon.
1294 2875 75 23 Pour
1387 2877 109 21 monter
1514 2877 74 22 cette
1607 2881 96 18 œuvre

374 2909 16 23 à
410 2909 145 24 Bruxelles
575 2910 17 23 il
612 2911 92 23 fallait
722 2912 116 21 trouver
858 2917 36 16 un
914 2911 98 23 artiste
1032 2911 115 27 capable
1167 2912 34 22 de
1223 2911 118 27 prendre
1364 2916 53 18 une
1437 2910 163 23 succession
1621 2910 76 23 aussi

259 2945 150 26 périlleuse
434 2951 55 22 que
513 2947 71 22 celle
608 2946 66 23 d’un
701 2947 99 22 Michel
826 2947 105 22 Simon.

336 2990 51 23 Cet
404 2991 108 27 artiste,
531 2991 24 23 le
574 2991 70 23 Parc
664 2991 35 23 l’a
716 2991 100 23 trouvé
834 2996 68 19 avec
921 2991 129 27 Darman,
1070 2992 78 22 notre
1168 2991 86 26 grand
1274 2991 28 22 et
1322 2989 142 29 populaire
1484 2989 139 28 comique.

337 3035 37 22 En
397 3035 82 27 effet,
502 3035 118 23 Darman
643 3035 47 24 fut
711 3035 173 27 magnifique
906 3036 69 22 dans
998 3040 33 18 ce
1052 3034 60 24 rôle
1135 3035 34 22 de
1192 3034 108 28 Boudu,
1324 3034 143 26 vagabond
1492 3033 153 28 malicieux,
1670 3035 29 21 et

258 3075 51 17 nos
324 3071 146 22 auditeurs
486 3071 16 22 à
518 3071 129 27 l’écoute,
664 3070 135 24 mercredi
816 3070 118 28 dernier,
951 3072 101 21 auront
1069 3076 35 22 pu
1122 3069 145 28 apprécier
1284 3074 53 18 une
1354 3070 49 21 des
1420 3068 99 23 scènes
1536 3070 162 21 amusantes

258 3107 35 22 de
313 3108 75 21 cette
407 3107 125 23 comédie
551 3107 84 27 Jouée
657 3113 48 22 par
725 3107 118 23 Darman
864 3109 29 21 et
912 3107 89 22 Auzat
1020 3106 102 22 devant
1142 3107 79 21 notre
1241 3104 96 23 micro.

337 3150 149 23 Félicitons
508 3156 48 18 ces
578 3152 72 22 deux
673 3151 115 23 artistes
811 3156 70 23 pour
905 3151 25 23 le
951 3149 102 24 succès
1075 3148 59 24 très
1158 3149 147 28 personnel
1329 3148 83 27 qu’ils
1435 3149 174 26 remportent
1631 3152 68 18 aveo

256 3192 15 15 «
294 3187 99 22 Boudu
414 3189 86 21 sauvé
521 3188 50 22 des
592 3187 74 22 Eaux
689 3193 26 17 ».

1917 1714 17 18 «
1952 1702 203 31 Doumme!...
2175 1702 124 34 Minant,
2319 1704 56 29 moi
2392 1702 29 36 je
2437 1703 54 29 suis

1872 1754 34 17 un
1931 1751 55 26 peu
2010 1741 209 34 z’embarrassé,
2247 1749 26 23 tu
2298 1743 115 29 sais!...
2443 1741 48 31 On

1871 1780 57 30 m’a
1946 1780 40 30 dit
2005 1792 105 18 comme
2128 1792 32 24 ça
2178 1792 10 19 :
2207 1791 16 19 «
2244 1781 102 30 Tiens!
2364 1780 73 30 voilà
2456 1780 35 30 de

1871 1818 112 35 l’encre,
2008 1831 52 18 une
2083 1819 83 37 plime
2189 1824 27 25 et
2239 1819 38 31 du
2300 1820 138 36 papier...
2465 1825 26 25 et

1871 1868 68 20 vous
1958 1858 87 30 devez
2064 1859 132 36 prisenter
2214 1868 48 21 vos
2283 1858 138 31 choses...
2442 1869 49 19 vos

1871 1897 90 34 vieux,
1993 1907 71 27 pour
2094 1897 39 30 les
2164 1897 118 30 éditeurs
2314 1897 36 30 de
2381 1897 109 30 Radio-

1870 1935 178 31 Schaerbeek
2068 1936 70 30 dans
2158 1936 26 30 le
2202 1936 151 30 machin...
2376 1936 70 30 dans
2465 1936 25 29 le

1872 1974 105 31 billetin
1995 1974 197 36 z’officiel!...
2215 1986 17 19 »
2251 1975 75 34 Oué,
2345 1974 133 31 naturelle­

1871 2019 82 29 ment,
1970 2024 68 20 vous
2052 2014 56 30 riez
2122 2024 68 21 avec
2205 2025 44 25 ça,
2263 2024 68 20 vous
2347 2014 140 29 autres!...

1870 2052 48 31 On
1941 2053 57 30 voit
2023 2052 61 31 bien
2108 2064 54 25 que
2186 2052 66 31 c’est
2275 2062 50 27 pas
2349 2063 68 19 vous
2442 2053 46 35 qui

1869 2091 59 31 doit
1949 2091 173 31 z’écrire!...

1919 2129 167 32 Verdekke!
2100 2130 66 30 Moi
2178 2131 28 36 je
2221 2131 53 30 sais
2290 2129 61 31 bien
2366 2141 110 19 raccom­

1869 2168 97 31 moder
1991 2168 49 31 des
2065 2168 210 31 demi-semelles
2302 2175 25 24 et
2354 2168 130 30 talons...

1867 2209 28 35 je
1922 2209 54 29 sais
2002 2213 95 25 mettre
2123 2207 49 31 des
2197 2208 155 36 empeignes
2378 2218 46 19 sur
2449 2206 38 31 les

1868 2246 190 31 sauchures...
2085 2246 80 30 Mais
2186 2247 72 34 faire
2280 2242 36 35 de
2340 2246 27 31 la
2390 2245 97 32 litière-

1870 2285 151 34 d'Arthur,
2041 2297 105 19 comme
2166 2297 35 18 on
2218 2285 72 30 dit...
2310 2297 34 24 ça
2361 2290 61 24 sont
2440 2294 49 26 pas

1869 2338 56 19 mes
1944 2325 169 31 échalottes!

1912 2364 218 31 Seulement!...
2147 2363 46 31 Eh
2210 2363 89 32 la!...
2318 2370 27 24 tu
2361 2363 61 31 dois
2436 2372 51 27 pas

1867 2414 68 20 vous
1957 2405 179 35 tromper!...
2159 2403 45 37 Ça
2224 2402 70 31 n'est
2313 2412 50 27 pas
2384 2414 54 24 que
2458 2402 28 36 je

1865 2453 72 19 veux
1957 2452 50 26 pas
2026 2453 69 19 vous
2113 2442 133 36 prisenter
2266 2453 56 18 mes
2341 2442 142 29 vieux!...

1865 2480 131 35 Non!...
2013 2480 44 32 Le
2071 2492 80 23 cœur,
2161 2481 19 32 il
2192 2492 19 25 y
2227 2485 80 26 est...
2325 2479 78 35 Mais
2419 2478 66 31 c’est

1867 2520 27 30 la
1913 2532 84 18 sauce
2017 2531 53 25 que
2089 2520 28 35 je
2136 2518 54 31 sais
2208 2528 51 27 pas
2281 2523 94 26 mettre
2395 2518 77 29 là-au­

1867 2561 121 28 tour!...

1908 2597 40 32 Et
1973 2603 28 24 tu
2025 2607 73 26 peux
2122 2596 59 31 dire
2205 2601 57 25 tout
2287 2596 64 36 quoi
2375 2607 29 18 ce
2430 2606 53 25 que

1863 2646 69 20 vous
1955 2634 141 31 voulez...
2124 2634 80 31 Mais
2230 2647 35 18 un
2291 2633 104 37 bislecfy
2420 2644 63 19 sans

1862 2686 126 18 sauce...
2015 2686 32 24 ça
2071 2673 70 31 n’est
2164 2675 56 34 quâ
2243 2675 88 28 même
2354 2682 50 26 pas
2429 2671 54 30 bon

1862 2713 47 30 z’à
1928 2722 122 26 manger,
2070 2711 115 31 n’est-ce
2204 2713 111 35 pas!...

1908 2751 117 34 Causer,
2058 2762 36 25 ça
2123 2751 29 36 je
2183 2760 73 21 veux
2288 2761 99 20 encore
2421 2748 61 31 bien

1861 2791 134 34 faire!...
2018 2789 109 37 Quand
2147 2801 35 18 on
2201 2795 64 25 veut
2285 2800 105 21 causer,
2411 2799 35 18 on
2465 2800 17 18 a

1863 2829 124 36 toujours
2020 2827 121 38 quelque
2178 2826 81 32 chose
2296 2829 17 28 à
2350 2826 59 31 dire
2424 2827 56 30 !...

1863 2867 108 37 Quand
1991 2873 28 25 tu
2037 2879 29 19 es
2084 2867 102 30 devant
2204 2871 77 25 votre
2301 2865 93 34 micro,
2414 2875 68 20 vous

1861 2908 56 29 êtes
1940 2906 61 30 bien
2022 2904 122 37 z’obligé
2166 2904 209 37 d’apprivoiser,
2399 2903 81 31 n’est-

1862 2957 31 19 ce
1911 2955 95 27 pas...

1909 2984 46 30 Tu
1977 2985 53 29 sais
2050 2993 51 27 pas
2123 2981 159 33 riculer!...
2309 2981 29 31 Y
2360 2993 17 18 a
2399 2980 81 31 z’une

1861 3022 103 31 limière
1990 3023 48 35 qui
2062 3021 171 31 s’allume...
2260 3029 26 24 et
2311 3019 109 31 vouloir
2445 3031 35 18 ou

1859 3071 53 27 pas
1934 3061 149 30 vouloir...
2106 3071 69 20 vous
2198 3059 59 31 doit
2279 3059 59 30 dire
2362 3057 119 37 quelque

1860 3099 143 31 chose!...
2032 3099 42 31 Et
2101 3098 218 34 heureusement,
2347 3109 35 18 on
2411 3096 69 31 n'est

1857 3148 52 26 pas
1934 3138 68 35 seul,
2031 3138 115 31 n'est-ce
2172 3139 112 36 pas!...
2316 3135 108 38 Quand
2450 3139 27 25 tu

1856 3178 55 30 sais
1939 3177 64 38 plus
2034 3178 67 36 quoi
2130 3182 28 25 tu
2188 3176 61 31 dois
2278 3175 100 31 dire...
2410 3186 19 25 y
2458 3186 18 19 a

2692 2622 151 35 JULES
2871 2623 191 36 SLACHE

2562 2714 114 32 z'Olive
2700 2717 48 35 qui
2769 2717 73 30 vient
2864 2719 17 28 à
2906 2722 46 26 ton
2976 2718 143 32 sicours...
3145 2732 34 17 ou

2564 2753 62 31 bien
2645 2754 152 35 Chustave,
2816 2768 36 18 ou
2869 2756 62 30 bien
2948 2756 185 33 z'Hubert...

2605 2792 80 31 Mais
2716 2794 43 34 ici,
2791 2794 102 31 devant
2924 2807 65 19 mon
3019 2797 158 37 papier!...

2565 2830 138 35 Doumme
2719 2844 65 22 non,
2801 2844 68 21 vous
2886 2836 143 30 savez!...
3049 2835 131 37 Rigard!

2560 2869 53 36 j’ai
2633 2872 54 33 fait
2709 2883 37 18 un
2767 2871 170 37 pateike!...
2965 2873 78 31 C'est
3067 2879 59 26 tout
3148 2886 31 19 ce

2562 2920 54 24 que
2631 2908 53 37 j'ai
2699 2909 95 32 z'écrit
2810 2920 71 27 pour
2897 2911 25 30 le
2940 2914 180 30 moment!...

2604 2947 27 31 Il
2657 2954 40 25 est
2721 2950 59 29 vrai
2806 2949 85 36 qu'un
2916 2950 121 36 pateike,
3065 2964 36 18 on
3126 2953 52 29 sait

2562 2985 106 33 donner
2685 2999 34 24 ça
2734 2997 72 27 pour
2822 2988 27 31 le
2863 2988 183 36 Nive-Your,
3063 2989 115 31 n’est-ce

2559 3027 114 33 pas!...

2603 3063 100 36 Enfin,
2727 3064 47 31 z’à
2800 3065 27 31 la
2853 3075 95 26 guerre
2975 3078 104 20 comme
3105 3069 17 29 à
3148 3068 28 30 la

2561 3104 155 34 guerre!.!.
2737 3103 27 31 Il
2782 3107 63 31 faut
2864 3106 158 35 quâ-même
3040 3116 125 20 commen­

2559 3152 46 19 cer
2622 3140 83 32 z’une
2724 3143 65 34 fois,
2809 3141 115 32 n’est-ce
2942 3146 111 33 pas!...
3076 3144 98 34 Alors,

2558 3180 116 31 voilà...

249 4709 1228 60 lllllllllllllllllllllillllllllllllllllllllllllllllllllllllllllllllllllllllllllllllllllllllllllM

2602 3219 66 36 Oye
2702 3219 65 37 Oye
2783 3221 56 30 !...
2875 3220 67 31 c’est
2977 3221 130 35 difficile,
3147 3227 27 25 tu

2556 3257 115 31 sais!...
2692 3257 33 31 Si
2743 3270 97 19 encore
2861 3271 34 18 on
2913 3261 104 30 saurait
3034 3261 72 34 faire
3126 3260 49 31 des

2558 3300 128 31 gestes...
2705 3296 35 37 Je
2758 3307 68 20 vous
2845 3297 146 31 donnerais
3007 3300 19 29 à
3044 3303 60 26 tous
3123 3310 51 18 une

2557 3334 84 34 baise,
2668 3340 26 26 et
2717 3336 29 36 je
2770 3346 68 20 vous
2861 3335 85 31 dirais
2970 3348 106 20 comme
3100 3348 35 25 ça
3163 3348 10 19 :

2555 3373 155 31 Alleie!...
2742 3373 64 31 Une
2833 3374 88 31 bonne
2946 3374 174 32 heureuse...
3146 3381 27 25 et

2557 3424 53 18 une
2635 3412 89 31 bonne
2749 3414 144 30 santeie...
2922 3413 76 31 Tout
3022 3414 26 31 le
3071 3414 102 30 monde

2554 3451 83 30 serait
2658 3456 150 26 content...
2832 3457 26 25 et
2878 3464 106 18 comme
3003 3464 35 24 ça
3057 3453 112 34 fini!...

2598 3489 37 37 Je
2661 3500 67 20 vous
2756 3490 84 30 dirais
2856 3502 12 19 :
2893 3490 35 37 Je
2954 3500 68 21 vous
3047 3491 125 30 souhaite

2552 3537 72 26 pour
2645 3527 109 31 l’année
2776 3527 191 38 prochaine...
2994 3541 36 18 un
3054 3528 104 32 thermo­

2553 3567 85 29 mètre
2661 3567 49 36 qui
2730 3566 70 31 n’est
2823 3576 51 27 pas
2898 3567 136 37 ilastique.
3059 3567 40 31 Et
3124 3569 48 36 qui

2552 3605 53 30 sait
2624 3614 52 27 pas
2697 3604 152 32 descendre
2869 3606 24 30 si
2916 3605 49 30 bas
2986 3618 54 24 que
3060 3605 111 32 l’année

2553 3644 47 35 qui
2617 3643 73 30 vient
2708 3642 35 31 de
2761 3655 28 19 se
2808 3643 153 31 couler!...

2595 3680 36 38 Je
2656 3691 68 21 vous
2751 3681 84 31 dirais
2852 3695 10 18 :
2888 3681 37 38 Je
2949 3692 68 21 vous
3044 3682 126 31 souhaite

2553 3732 52 24 que
2626 3725 38 25 tes
2682 3720 118 35 affaires
2819 3719 65 32 elles
2903 3720 143 32 marchent
3064 3732 106 20 comme

2550 3770 47 18 sur
2615 3757 25 31 le
2661 3758 133 31 boulettes
2818 3758 107 38 ...Que
2946 3764 28 25 tu
2994 3760 54 30 sais
3067 3768 103 28 gagner

2551 3796 27 31 le
2592 3797 88 36 grelot
2694 3799 17 28 à
2727 3797 27 30 la
2769 3797 111 31 Loterie
2895 3797 189 32 Coloniale...
3104 3798 65 37 Que

2552 3839 28 26 tu
2598 3847 30 18 as
2645 3836 101 36 jamais
2763 3836 48 31 des
2830 3835 121 37 disputes
2970 3847 67 20 avec
3056 3841 28 26 ta
3099 3839 58 33 fem­

2552 3886 84 18 me...
2652 3873 99 36 Enfin,
2767 3887 53 24 que
2835 3880 28 25 tu
2877 3887 31 18 as
2919 3876 101 36 jamais
3034 3875 49 31 des
3098 3881 72 25 trou-

2552 3912 69 31 bel’s
2637 3912 71 31 dans
2724 3919 45 24 ton
2785 3914 118 36 minage,
2921 3926 53 24 que
2992 3919 28 26 tu
3034 3915 59 29 vois
3110 3921 59 24 tous

2551 3950 39 31 les
2610 3952 77 35 jours
2709 3951 27 31 la
2757 3952 42 30 vie
2821 3951 70 31 dans
2914 3964 53 18 une
2989 3964 101 19 rose...
3115 3965 52 24 que

2551 3995 29 24 tu
2598 3990 80 34 riçois
2696 3989 62 37 plus
2776 3991 100 35 jamais
2894 4003 52 18 une
2963 3990 75 35 feule
3056 3990 36 30 de
3104 4003 62 17 ma-

2552 4027 165 31 boulisation
2742 4030 47 35 qui
2812 4039 68 20 vous
2905 4029 91 36 oblige
3019 4031 18 28 à
3060 4028 96 32 recher­

2551 4066 64 30 cher
2647 4066 70 31 dans
2744 4073 77 25 votre
2852 4068 104 35 grenier
2986 4072 78 25 votre
3092 4072 74 25 veste

2550 4105 140 31 mirlitaire
2709 4116 68 19 avec
2794 4106 74 36 plein
2886 4105 48 31 des
2953 4111 72 25 trous
3043 4105 36 30 de
3098 4111 56 24 mot­

2551 4149 47 28 tes,
2619 4149 26 25 et
2664 4149 98 25 tout...

2593 4181 34 37 Je
2649 4193 68 19 vous
2738 4183 83 29 dirais
2842 4188 59 24 tout
2921 4194 74 24 ça...
3019 4186 27 26 et
3066 4193 98 18 encore

2550 4226 60 24 tous
2630 4220 38 31 les
2689 4226 84 24 sortes
2793 4220 35 30 de
2849 4220 86 30 bazar
2956 4221 49 35 qui
3023 4230 68 20 vous
3110 4221 54 33 fait

2549 4258 103 36 plaisir,
2674 4258 113 31 n’est-ce
2809 4260 110 34 pas!...

2592 4297 71 30 Plus
2681 4296 48 31 des
2748 4296 193 31 trembliments
2959 4296 48 31 des
3027 4302 91 28 terres,
3138 4302 26 25 et

2548 4334 144 37 beaucoup
2729 4334 49 31 des
2815 4335 88 29 baises
2940 4335 70 29 dans
3046 4334 117 31 l’index-

2546 4372 183 35 d’Humbert,
2750 4385 106 18 comme
2875 4385 34 18 on
2928 4372 81 31 dit...

2589 4410 99 35 Enfin,
2721 4411 27 36 je
2780 4416 25 25 te
2836 4410 179 32 souhaiterais
3047 4423 53 25 que
3134 4416 28 24 tu

2544 4449 61 30 dois
2618 4450 74 30 vivre
2706 4449 70 30 dans
2790 4461 36 18 un
2839 4448 134 32 véritable
2986 4448 173 32 Paradis!...

2542 4487 41 31 Et
2602 4497 68 21 avec
2691 4499 43 25 ça,
2757 4487 140 35 doumme,
2918 4488 28 36 je
2967 4489 70 30 crois
3057 4500 54 25 que
3132 4493 27 25 tu

2542 4527 85 29 serais
2645 4525 62 32 bien
2724 4527 78 34 servi,
2822 4526 116 32 n’est-ce
2954 4535 92 27 pas...

2586 4564 51 30 Au
2659 4564 53 30 lieu
2734 4564 36 31 de
2792 4565 90 30 savoir
2904 4570 26 25 te
2950 4564 59 32 dire
3030 4577 34 24 ça
3085 4570 74 25 entre

2542 4602 39 31 les
2617 4608 97 31 quatre
2752 4603 78 34 œuls,
2866 4604 29 36 je
2931 4604 54 30 suis
3021 4602 138 32 verdekke

2541 4640 123 38 n’obligé
2680 4640 35 32 de
2731 4651 68 21 Vous
2816 4643 84 29 écrire
2917 4648 59 24 tout
2992 4645 83 34 ça!...

2783 4692 78 26 (Voir
2884 4693 81 28 suite,
2990 4698 72 24 page
3086 4693 36 26 4.)

1963 4240 89 40 HÀN
2080 4248 123 32 DUNK
2228 4249 92 31 AND
2347 4232 71 49 «d

1967 4301 212 44 RHYTHM
2219 4302 195 42 SISTERS

330 3357 307 47 Vedettes

327 3417 571 49 Internationales

337 3673 207 51 Aatnedi
568 3675 33 51 7
622 3681 208 61 janvier
858 3676 149 53 1939-

293 3911 100 33 AND
416 3912 78 34 HIS

1771 4448 84 30 effets
1886 4460 109 18 vocaux
2024 4456 132 23 soutenue
2188 4462 68 18 avec
2286 4451 123 29 maîtrise
2439 4462 52 25 par

1770 4487 70 32 Han
1856 4488 88 30 Dunk
1959 4501 36 18 au
2008 4489 94 36 piano.

1813 4536 137 35 Ecoutez,
1983 4539 17 28 à
2031 4537 457 34 Radio-Schaerbeek-Bruxelles,

1769 4576 110 31 «Han
1899 4577 88 30 Dunk
2007 4577 57 31 and
2083 4578 41 30 his
2144 4578 127 37 Rhythm
2290 4578 98 31 Sisters
2408 4588 17 20 »
2445 4590 32 19 sa­

1767 4616 73 31 medi
1861 4618 143 35 prochain,
2030 4618 17 30 7
2067 4619 116 35 janvier.
2494 4631 3 7 1

268 4140 61 74 L
353 4138 158 31 ANNEE
533 4142 123 31 dernière
679 4156 35 17 au
737 4156 79 18 cours
839 4144 84 31 d’une
945 4146 40 29 soi­

375 4181 45 28 rée
439 4192 35 17 au
494 4179 97 33 Palais
610 4182 49 31 des
679 4183 191 34 Beaux-Arts,
890 4184 26 30 le
934 4196 51 24 pro­

373 4232 123 23 gramme
525 4224 157 34 annonçait,
710 4235 70 24 pour
808 4223 28 31 la
862 4225 132 35 première

247 4255 11 35 I
276 4261 63 34 fois,
369 4263 17 28 à
417 4260 154 34 Bruxelles,
603 4272 16 18 «
651 4262 71 31 Han
751 4263 88 31 Dunk
869 4264 56 30 and
954 4264 41 30 his

247 4295 10 41 I
271 4301 128 37 Rhythm
418 4301 98 30 Sisters
537 4312 27 19 ».

247 4352 9 31 !
315 4350 43 30 Ce
381 4350 42 30 fut
446 4363 52 17 une
521 4350 149 30 révélation
693 4359 25 22 et
742 4352 31 30 ils
796 4354 195 35 remportèrent

246 4389 10 41 I
270 4403 37 17 un
327 4390 133 30 véritable
481 4390 143 36 triomphe.

244 4437 11 40 j
310 4438 42 30 Le
367 4438 157 31 lendemain
541 4438 448 38 Radio-Schaerbeek-Bruxelles

243 4475 10 51 I
269 4479 72 29 avait
366 4478 26 30 le
418 4478 94 36 plaisir
538 4479 152 35 d’engager
716 4492 45 17 ces
788 4482 105 29 artistes
919 4493 69 24 pour

243 4531 9 16 i
265 4517 39 31 les
323 4520 137 34 présenter
480 4520 16 28 à
516 4531 41 18 ses
577 4518 149 35 auditeurs,
748 4527 26 23 et
792 4520 26 30 le
837 4523 95 28 succès
951 4521 36 30 de

243 4555 9 33 !
357 4559 125 30 émission
506 4558 42 31 fut
570 4572 36 17 on
629 4572 33 17 ne
684 4567 66 29 peut
771 4560 62 36 plus
855 4560 129 37 complet.

242 4624 10 44 J
310 4606 93 36 Après
424 4619 51 17 une
496 4608 172 36 magnifique
688 4611 113 28 tournée
821 4610 71 30 dans
912 4617 75 23 toute

238 4671 22 23 *
428 4680 35 9 —
562 4681 93 9 ——

1018 4445 147 36 l’Europe,
1188 4445 71 30 Han
1281 4446 88 31 Dunk
1390 4456 26 23 et
1435 4447 39 30 les
1496 4447 126 37 Rhythm
1642 4447 99 31 Sisters

1018 4498 69 18 nous
1107 4486 155 30 reviennent
1283 4486 61 36 plus
1365 4487 125 30 brillants
1511 4500 53 24 que
1583 4488 109 35 jamais.

1062 4533 55 31 Les
1132 4533 125 37 Rhythm
1272 4533 99 32 Sisters
1385 4543 46 23 ont
1446 4537 95 35 acquis
1556 4535 69 31 dans
1639 4536 28 30 la
1681 4548 46 18 mu­

1018 4575 76 35 sique
1124 4574 35 30 de
1187 4576 65 34 jazz
1281 4587 53 17 une
1363 4577 106 29 science
1497 4578 173 28 consommée
1700 4576 38 30 du

1016 4614 115 36 rythme,
1166 4627 53 17 une
1252 4616 88 29 sûreté
1375 4615 153 31 admirable
1562 4616 69 30 dans
1665 4616 72 30 leurs

337 3807 226 74 HAN
643 3811 310 72 DUNK

520 3912 466 76 RHYTHM
