3801 5460
2337 11 73 23 «•wrt

1711 185 79 25 VERS
1807 186 143 23 L'AVENIR
1966 196 31 5 —
2013 185 27 23 M
2058 184 97 23 AVRIL

260 252 501 157 PAGE
896 260 221 145 DE
1256 260 229 149 LÀ
1620 256 669 153 FEMME

132 596 92 63 Sur
257 621 63 38 un
363 599 274 63 fait-divers

123 702 70 24 Dans
212 702 23 24 le
252 702 103 28 journal
374 704 31 23 de
423 704 126 25 mercredi
568 704 110 28 dernier,

94 740 45 19 une
163 733 170 24 information
355 741 65 17 nous
442 735 137 28 apprenait
602 736 77 28 qu'un

93 764 65 29 petit
181 771 97 23 garçon
305 765 77 24 d'une
407 765 125 25 douzaine
557 766 122 24 d'années

92 795 83 26 s'était
198 795 83 29 pendu
306 796 235 26 accidentellement
564 805 31 17 en
619 805 48 17 vou-

91 828 51 24 lant
162 826 150 24 renouveler
331 827 108 24 Tarzan.

122 857 80 27 Qu'on
222 864 66 17 nous
308 859 60 24 taxe
390 858 77 29 après
487 859 53 24 cela
562 859 107 29 d'exagé-

89 889 83 26 ration
189 889 84 28 quand
291 895 65 19 nous
373 890 173 24 condamnons
563 891 114 23 certains

90 920 62 25 films
175 920 27 23 et
222 920 115 24 certains
359 920 131 28 journaux
513 921 115 24 illustrés
651 923 25 22 et

88 951 72 30 qu'on
180 950 43 25 nie
243 957 91 18 encore
355 951 56 24 leur
433 951 125 25 influence
579 959 46 16 sur
645 952 30 23 de

89 984 87 28 jeunes
203 982 186 27 imaginations
404 982 39 24 !...
470 982 62 24 c'est
559 982 106 29 impossi-

88 1014 38 24 ble
139 1013 6 23 !
160 1014 26 22 et
200 1012 18 26 il
232 1012 59 24 faut
305 1013 59 24 bien
378 1020 31 17 en
422 1014 122 23 convenir
557 1021 48 21 que
618 1015 57 23 tout

87 1051 26 18 ce
132 1044 44 28 qui
196 1050 27 18 se
242 1043 62 28 voit,
323 1046 58 22 tout
398 1051 28 17 ce
444 1045 45 28 qui
508 1045 92 28 frappe
620 1044 44 24 l'es-

86 1074 52 31 prit
157 1074 44 24 des
220 1075 114 27 enfants,
354 1075 68 24 êtres
443 1075 165 28 imaginatifs
628 1082 47 22 par

88 1105 143 28 excellence,
255 1106 142 29 s'imprime
421 1106 198 28 profondément
644 1113 30 17 en

86 1143 53 18 eux.
155 1136 48 24 Les
219 1138 114 26 parents,
348 1137 130 23 vraiment
493 1137 91 28 dignes
600 1137 31 24 de
647 1144 27 17 ce

87 1173 64 21 nom,
175 1167 135 24 devraient
333 1168 53 23 s'en
411 1167 121 29 pénétrer
554 1169 27 22 et
603 1168 61 24 cher-

85 1199 59 25 cher
162 1205 67 21 pour
248 1197 70 24 leurs
338 1198 80 29 petits
438 1198 44 24 des
504 1198 169 24 distractions

86 1229 55 31 plus
155 1229 87 24 saines
257 1230 25 22 et
296 1229 57 28 plus
368 1229 107 29 proches
490 1229 30 24 de
534 1229 24 24 la
573 1231 101 25 nature,

86 1261 22 24 la
124 1260 103 23 vraie...
249 1259 58 28 Car,
327 1259 16 24 à
362 1260 30 23 12
409 1267 56 21 ans,
483 1267 32 16 on
532 1260 108 24 cherche
659 1260 15 23 à

86 1291 86 25 imiter
192 1290 23 24 le
236 1291 100 23 Tarzan
357 1290 58 25 bête
437 1293 25 22 et
484 1291 135 24 inofïensif
640 1291 32 24 du

84 1321 97 26 cinéma
200 1323 26 22 et
246 1321 44 24 des
309 1321 130 28 journaux
459 1322 114 24 illustrés
588 1329 6 21 ;
615 1322 57 29 plus

85 1352 66 28 tard,
177 1352 120 28 toujours
324 1359 48 22 par
398 1352 83 29 esprit
506 1352 166 28 d'imitation,

84 1391 28 17 on
132 1383 92 28 jouera
241 1390 33 16 au
294 1383 77 28 jeune
392 1383 98 28 bandit,
509 1384 63 24 dont
591 1384 22 24 le
632 1391 29 16 re-

84 1414 85 24 volver
189 1414 99 24 voisine
310 1421 61 17 avec
392 1414 72 25 l'étui
486 1414 16 24 à
523 1415 148 28 cigarettes,

84 1445 57 30 puis
156 1445 17 23 à
188 1445 119 25 l'homme
322 1447 92 26 retors,
429 1452 33 16 au
478 1447 60 26 type
553 1446 43 28 qui
612 1452 15 17 a
643 1445 30 24 de

85 1477 93 24 bonnes
197 1476 120 24 fortunes
336 1477 26 23 et
380 1482 65 23 pour
464 1476 43 28 qui
527 1476 24 23 la
570 1476 92 29 réputa-

87 1507 54 24 tion
169 1507 75 24 d'une
273 1506 95 24 femme
398 1513 32 17 ne
458 1508 100 28 compte
588 1514 86 22 pas...,

83 1538 69 25 hélas
166 1538 40 23 !...

118 1569 54 27 Que
190 1569 30 23 de
239 1568 91 28 jeunes
348 1575 71 22 gens,
439 1568 70 24 hélas
524 1568 6 24 !
551 1569 124 24 affichent

83 1607 32 18 un
137 1600 138 23 souverain
297 1599 98 29 mépris
417 1606 65 22 pour
505 1599 24 24 la
553 1600 94 23 femme
662 1606 6 21 ;

82 1632 31 24 ils
130 1638 32 17 ne
180 1630 26 24 la
224 1631 89 23 voient
331 1630 128 29 qu'avilie,
477 1630 110 28 ravalée,
606 1633 26 22 et
652 1630 18 24 il

82 1663 54 24 leur
153 1662 60 23 faut
230 1661 102 30 parfois
351 1661 59 24 bien
429 1661 45 24 des
493 1661 94 24 années
607 1668 64 22 pour

81 1701 26 17 se
121 1693 152 23 convaincre
288 1699 48 22 que
351 1693 86 23 toutes
452 1699 31 17 ne
498 1694 59 22 sont
573 1699 46 22 pas
636 1692 33 24 du

83 1724 94 25 calibre
200 1723 45 24 des
268 1723 79 25 belles
369 1723 34 24 du
426 1722 132 25 cinéma...
583 1722 87 24 Triste

84 1756 51 23 état
159 1754 109 29 d'esprit
292 1754 44 29 qui
360 1760 105 22 marque
491 1754 169 24 douloureuse-

84 1786 68 24 ment
172 1787 75 22 notre
266 1785 83 24 siècle.

112 1816 50 24 Car
179 1816 26 24 la
219 1816 121 28 jeunesse
357 1816 41 24 n'a
416 1822 47 22 pas
482 1822 72 17 assez
570 1815 89 29 d'expé-

85 1848 83 24 rience
184 1847 31 24 de
231 1846 24 25 la
271 1847 42 25 vie
328 1853 64 22 pour
408 1845 87 25 savoir
509 1848 58 22 tout
581 1853 28 17 ce
624 1852 49 22 que

84 1879 21 24 le
121 1878 107 27 cinéma,
243 1877 37 25 les
298 1877 131 28 histoires,
447 1877 37 24 les
500 1884 112 20 romans,
628 1878 45 22 ont

80 1910 28 24 de
123 1908 202 28 conventionnel,
340 1908 137 28 d'inventé,
492 1908 166 25 d'invraisem-

83 1940 87 28 blable,
188 1941 27 22 et
233 1939 31 24 ils
283 1939 120 24 finissent
419 1946 49 22 par
485 1946 28 17 se
531 1939 140 28 persuader

82 1978 47 22 que
142 1971 65 24 c'est
222 1970 60 24 chez
298 1977 57 20 eux,
373 1970 64 24 dans
452 1969 57 25 leur
525 1969 98 25 famille
639 1969 32 24 où

84 2003 55 23 tout
158 2008 34 17 va
212 2002 59 23 tout
293 2001 77 27 droit,
393 2001 76 29 qu'on
491 2003 40 22 est
554 2001 61 24 hors
637 2000 34 24 du

84 2032 81 28 siècle,
184 2032 62 24 hors
263 2031 34 25 du
317 2032 66 24 vrai.

114 2063 35 24 Et
165 2063 64 24 c'est
244 2063 134 29 pourquoi,
398 2061 30 26 de
447 2063 86 23 toutes
551 2069 47 17 nos
616 2061 44 25 for-

82 2101 46 21 ces,
150 2094 115 29 parents,
289 2100 65 18 nous
378 2093 94 24 devons
498 2093 89 28 réagir
611 2100 46 17 con-

80 2128 37 22 tre
133 2127 40 23 cet
190 2125 55 24 état
260 2124 115 29 d'esprit,
393 2131 31 17 en
441 2124 158 28 persuadant
616 2123 40 24 d'a-

80 2156 61 25 bord
163 2163 47 17 nos
234 2156 105 24 enfants
361 2162 48 22 que
432 2155 23 24 le
478 2155 99 24 cinéma
601 2154 67 24 n'est

81 2195 45 22 pas
149 2194 34 17 un
208 2187 118 28 évangile
349 2188 27 22 et
400 2193 48 21 que
471 2187 60 23 tout
554 2192 29 17 ce
607 2184 61 29 qu'il

81 2225 63 18 nous
162 2218 67 24 offre
246 2218 68 24 n'est
332 2224 49 22 que
401 2217 96 26 fiction,
516 2218 27 22 et
561 2223 32 18 en
612 2216 56 24 leur

83 2250 138 29 procurant
242 2249 116 24 d'autres
378 2248 169 25 distractions
569 2248 43 28 qui
635 2247 37 24 les

79 2280 156 28 dégageront
250 2279 31 25 de
296 2279 130 29 l'emprise
441 2279 31 24 de
488 2280 67 23 cette
571 2279 84 23 atmos-

79 2312 74 29 phère
169 2310 134 25 malsaine.
553 2310 27 24 L.
596 2310 34 24 H.

801 610 133 52 Petits
973 612 223 66 Croquis

704 758 71 63 Un
805 768 107 65 jour
956 787 111 34 sans
1113 760 175 60 viande

313 2362 147 17 •N^'W'^^-

122 2420 133 77 LA
290 2422 315 77 MODE

147 2552 34 20 LA
201 2552 84 21 MODE
306 2552 79 21 POUR
406 2553 51 20 LES
477 2553 127 21 MAMANS

107 2586 62 20 C'est
190 2591 35 15 un
245 2591 46 19 peu
313 2586 51 21 leur
382 2587 71 26 souci,
485 2591 47 17 aux
561 2592 109 17 mamans

83 2613 68 20 d'être
168 2613 71 21 belles
254 2618 59 19 pour
329 2614 21 20 le
366 2614 55 24 jour
435 2614 30 21 de
482 2614 24 20 la
520 2615 150 20 communion

80 2640 129 23 solennelle.
226 2640 73 21 Hélas
310 2641 6 19 !
335 2640 34 21 les
385 2641 78 24 temps
478 2642 54 20 sont
551 2641 118 24 difficile»

81 2666 32 20 les
134 2666 100 25 budgets
255 2667 130 23 restreints.
407 2668 22 21 Il
450 2668 69 24 s'agit
541 2668 53 24 plus
616 2673 42 17 sou-

82 2693 53 21 vent
150 2693 31 21 de
200 2698 86 20 songer
304 2693 16 21 à
340 2699 33 16 un
391 2697 166 22 arrangement
576 2699 46 21 que
640 2695 30 21 de

81 2720 58 21 faire
153 2720 34 21 du
200 2720 66 23 neuf.

106 2747 25 20 Si
146 2751 59 17 vous
223 2751 56 16 avez
296 2751 47 17 une
359 2748 56 21 robe
433 2752 33 16 un
483 2752 45 20 peu
547 2750 52 23 trop
617 2753 42 20 por-

80 2773 42 26 tée,
137 2773 57 21 dont
208 2773 23 21 le
242 2775 82 20 dessus
338 2775 35 19 est
385 2774 97 21 démodé
495 2779 31 16 ou
540 2775 47 23 usé,
601 2775 58 21 ache-

81 2801 35 19 tez
131 2805 33 15 un
186 2804 89 20 coupon
293 2800 30 22 de
341 2801 57 24 jolie
415 2801 65 20 faille
498 2806 30 15 ou
548 2802 30 20 de
596 2802 73 20 moire

80 2826 27 21 de
126 2827 93 20 couleur
237 2828 25 20 et
282 2827 137 21 faites-vous
438 2832 34 16 un
491 2828 41 24 joli
551 2829 59 24 petit
629 2828 31 21 bo-

81 2853 45 21 léro
141 2853 20 21 à-
175 2853 113 22 manches
303 2855 99 25 courtes,
420 2854 75 21 fermé
513 2859 30 16 au
562 2859 44 17 cou
623 2859 46 21 par

79 2884 44 16 une
142 2880 84 25 simple
245 2880 101 25 jumelle.

102 2907 45 20 Sur
166 2907 23 20 la
203 2907 107 26 poitrine,
327 2907 15 21 à
360 2907 96 26 gauche,
474 2909 81 23 piquez
573 2912 46 17 une
626 2912 30 21 po-

79 2933 40 24 che
137 2933 31 21 de
185 2934 77 21 forme
280 2934 142 21 résolument
442 2934 122 21 circulaire
583 2936 24 19 et
625 2939 31 16 ou-

80 2961 60 20 verte
153 2965 33 16 au
202 2961 79 20 centre
291 2965 7 20 ;
316 2966 57 16 vous
390 2966 16 19 y
422 2961 108 24 glisserez
545 2966 33 16 un
595 2962 63 20 trian-

79 2987 34 25 gle
129 2987 30 21 de
176 2988 49 20 soie
242 2988 39 24 qui
299 2988 103 25 figurera
420 2992 47 16 une
485 2988 115 24 pochette.

105 3015 70 20 Votre
196 3014 57 25 juge
271 3015 36 20 est
334 3014 147 21 décidément
505 3016 54 23 trop
581 3014 84 22 étroite

80 3045 56 20 pour
160 3041 24 20 la
207 3042 80 20 saison
311 3041 98 22 actuelle
434 3042 39 24 qui
498 3041 73 25 prône
601 3042 57 21 l'am-

79 3068 63 24 pleur
152 3073 6 16 :
174 3068 116 21 ouvrez-la
303 3069 88 21 devant
405 3069 24 20 et
443 3068 107 25 glissez-y
563 3073 33 17 un
610 3074 48 19 pan-

80 3099 57 16 neau
153 3095 69 21 d'une
238 3096 48 20 soie
301 3096 99 20 assortie
414 3100 31 16 ou
460 3095 90 21 faisant
566 3100 33 16 un
614 3096 45 20 har-

79 3122 105 20 monieux
209 3123 125 20 contraste.
355 3123 32 20 Ge
408 3127 117 21 panneau,
549 3122 116 24 coupez-le

81 3153 27 15 en
123 3149 75 20 forme
213 3148 48 21 très
277 3149 87 24 élargie
379 3149 32 21 du
427 3149 49 23 bas.
493 3150 61 20 Pour
568 3154 44 20 que
621 3150 36 20 cet-

79 3178 23 17 te
119 3175 137 25 adjonction
273 3180 32 16 ne
323 3176 64 21 fasse
406 3181 43 19 pas
468 3176 198 25 raccommodage,

79 3201 67 22 faites
162 3207 49 16 une
227 3203 106 21 ceinture
349 3203 31 20 de
396 3202 76 23 même
489 3203 67 25 tissu.

102 3229 69 21 Votre
186 3230 112 20 manteau
312 3229 30 21 de
362 3230 23 20 la
399 3230 80 20 saison
497 3229 105 21 dernière
620 3229 45 21 fait

79 3255 58 25 piète
159 3256 81 24 figure.
264 3257 125 24 Puisqu'on
411 3257 67 24 porte
501 3257 119 24 beaucoup
644 3256 21 21 le

78 3283 54 25 noir,
150 3282 103 21 faites-le
270 3283 92 21 teindre
379 3287 30 17 en
427 3284 60 20 cette
504 3288 99 18 nuance.
621 3284 35 19 En-

80 3308 59 22 levez
154 3310 22 20 le
190 3310 37 20 col
242 3311 24 19 et
281 3310 86 20 mettez
382 3315 46 16 aux
444 3310 69 21 bords
529 3311 24 20 et
567 3315 30 16 au
616 3314 50 21 cou,

79 3339 43 17 une
139 3337 77 20 mince
235 3341 72 20 ganse
329 3337 56 20 d'or.
428 3337 59 21 Sous
509 3337 22 21 le
552 3338 113 20 manteau

80 3363 74 24 portez
177 3367 47 17 une
246 3362 102 25 écharpe
370 3363 56 21 d'un
449 3364 42 20 ton
514 3363 42 27 vif,
581 3363 84 21 assorti

79 3388 14 21 à
111 3390 65 21 votre
193 3390 113 24 chapeau.

103 3417 23 19 Si
145 3416 24 21 la
186 3417 79 20 saison
282 3418 37 19 est
337 3417 48 21 fort
404 3417 107 26 avancée,
528 3417 79 25 quand
627 3421 31 17 vo-

80 3442 32 20 tre
135 3443 85 20 enfant
243 3443 52 21 fera
319 3448 27 16 sa
370 3444 156 26 communion,
550 3443 114 21 n'hésitez

79 3473 38 20 pas
136 3469 15 21 à
169 3475 56 16 vous
244 3470 59 21 faire
322 3476 47 16 une
386 3471 96 24 gentille
499 3471 55 21 robe
571 3471 31 21 de
617 3475 49 17 cre-

79 3496 68 21 tonne
160 3497 40 24 qui
214 3501 58 17 vous
289 3498 88 20 servira
391 3498 51 20 tout
458 3497 59 21 l'été.
534 3498 62 21 Vous
612 3502 42 20 por-

79 3523 57 20 terez
155 3528 56 16 sans
232 3524 171 24 inconvénient,
424 3529 40 16 sur
484 3525 62 20 cette
566 3524 98 24 toilette,

78 3553 29 16 un
124 3551 110 20 manteau
249 3551 104 24 d'étoffe.

81 4938 18 23 li

107 4995 71 24 Petite
200 4998 56 20 robe
279 4997 49 21 très
351 4997 114 24 pratique,
488 5000 60 21 pour
567 4997 92 23 fillette.

84 5018 27 23 1*
123 5023 54 26 jupe
192 5026 36 19 est
242 5024 89 24 élargie
346 5028 44 20 par
405 5023 43 21 des
462 5023 47 25 plis
525 5028 31 17 au
573 5024 88 22 devant

85 5050 18 17 <••
118 5053 28 18 au
161 5052 48 20 dos.
227 5052 34 20 La
277 5051 57 20 robe
350 5055 26 16 se
392 5049 46 22 fait
455 5054 32 17 en
502 5051 93 24 lainage
612 5051 49 28 uni,

84 5070 20 24 U
116 5075 74 24 blouse
207 5083 30 16 en
253 5078 68 24 crêpe
336 5078 115 25 imprimé.

107 5107 85 25 Modèle
207 5111 29 21 de
252 5110 205 25 Vanclé-Thomas.
476 5110 183 25 (Reproduction

82 5131 120 29 interdite.)

110 5169 29 22 En
151 5174 92 20 versant
259 5173 22 21 la
295 5176 88 17 somme
397 5172 32 21 ds
442 5173 12 20 7
463 5171 11 22 f
474 5176 19 19 r.
510 5174 23 18 .5
546 5176 32 17 su
594 5173 25 21 C.
637 5173 25 23 G.

90 5194 18 24 •*•
121 5199 59 23 33iîo
194 5199 33 22 du
241 5200 93 25 Journal
348 5204 13 16 <
378 5196 56 25 Vsrt
449 5198 100 22 l'Avenir
562 5204 13 17 »
589 5200 25 21 st
627 5203 31 18 sn

88 5223 152 35 •Jsntlonnant
259 5231 41 17 sur
317 5227 21 21 Is
355 5226 65 22 talon
438 5226 22 21 Is
478 5225 94 22 numéro
585 5227 33 23 A»
636 5227 23 22 la

92 5249 52 23 ■Hla
157 5253 61 22 alntl
234 5259 42 19 qua
293 5254 59 21 oslul
368 5253 32 21 du
417 5253 94 24 modela,
527 5257 43 18 nos
586 5254 73 21 leotrl»

91 5278 30 19 ■»•
134 5282 113 21 recevront
262 5281 22 22 Is
296 5281 85 25 patron
394 5280 33 22 du
439 5278 90 24 metfèle
543 5280 115 23 ol-tfsstus,

731 887 75 24 Ainsi
823 887 71 27 donc,
909 886 63 24 c'est
986 885 94 25 officiel
1095 886 6 23 !
1120 885 50 25 Dès
1186 884 100 24 demain

696 917 67 28 déjà,
780 920 23 23 le
817 920 199 26 gouvernement
1030 923 64 17 nous
1108 916 96 28 impose
1221 922 65 17 un...

697 948 107 25 Carême
826 948 60 24 civil
901 949 40 23 !...
964 949 85 26 Ayant
1071 959 32 5 —
1125 953 65 22 pour
1210 946 66 24 satis-

698 979 68 25 faire
790 979 14 25 à
829 985 45 19 nos
898 978 155 28 obligations
1079 976 150 29 îcligieuses
1255 989 33 5 —

696 1010 120 28 pratiqué
833 1006 173 31 l'abs'.inence,
1022 1016 30 17 en
1069 1015 43 17 sus
1129 1008 34 23 du
1182 1007 94 24 vendre-

695 1040 35 27 di,
753 1042 59 23 tous
837 1040 36 24 les
904 1039 139 25 mercredis
1074 1039 31 23 de
1139 1038 23 24 la
1196 1038 90 24 Sainte

696 1072 178 27 quarantaine,
900 1077 63 17 nous
986 1070 89 26 al'.ons,
1106 1076 32 17 en
1171 1069 116 27 citoyens

695 1101 156 30 disciplinés,
875 1101 67 24 îaire
962 1100 31 24 de
1020 1101 80 23 mër.'.e
1128 1099 158 24 dorénavant

695 1133 58 24 tous
777 1132 36 24 les
845 1131 85 28 lundis
961 1131 31 24 de
1023 1129 128 27 l'année...
1184 1130 102 24 Comme

697 1162 106 29 l'Eglise
831 1162 105 24 accorde
962 1162 44 24 des
1032 1161 133 29 dispenses
1191 1161 15 24 à
1230 1167 44 17 cer-

695 1194 69 23 tains
784 1193 81 28 jours,
887 1193 67 24 ainsi
975 1192 80 26 l'Etat
1077 1200 14 17 a
1114 1192 71 24 aussi
1206 1191 78 29 prévu

695 1223 44 26 des
757 1224 165 28 dérogations
940 1223 128 29 justifiées
1092 1230 6 17 :
1120 1232 11 13 «
1148 1223 36 24 les
1201 1222 85 24 lundis

694 1254 31 24 de
743 1254 107 29 Pâques,
867 1255 30 23 de
917 1254 144 26 Penlecôte.
1079 1253 30 25 de
1130 1252 63 25 Noël
1211 1255 26 22 et
1254 1259 31 18 en

695 1284 45 24 des
763 1285 189 24 circonstances
975 1283 221 30 exceptionnelles.
1220 1294 11 13 >

729 1332 12 14 <
764 1322 195 25 L'interdiction
982 1322 30 25 de
1042 1323 23 24 la
1094 1322 92 24 viande
1214 1323 72 27 porte

696 1360 45 18 sur
760 1356 58 21 tous
839 1353 36 25 les
893 1353 120 25 aliments
1032 1352 99 28 carnés,
1149 1353 16 24 à
1183 1352 94 29 l'excep-

697 1384 54 23 tion
769 1384 31 24 de
818 1387 23 24 la
860 1384 99 24 volaille
977 1385 26 23 et
1020 1384 33 24 du
1073 1383 92 29 gibier,
1187 1384 65 23 mais
1272 1390 16 20 y

695 1415 111 28 compris
825 1414 37 26 les
877 1414 83 27 abats,
977 1415 24 24 la
1019 1414 169 27 charcuterie,
1204 1415 27 23 et
1251 1413 36 24 les

696 1445 179 28 préparations
896 1446 31 23 de
949 1445 98 28 viande,
1068 1444 81 29 quelle
1169 1451 47 22 que
1236 1444 51 23 soit

696 1476 23 24 la
735 1476 148 28 proportion
900 1475 102 30 qu'elles
1018 1482 30 18 en
1064 1475 173 24 contiennent.

728 1521 12 15 >
755 1512 21 26 II
792 1514 39 22 est
846 1513 108 24 interdit
968 1520 49 17 non
1035 1512 139 24 seulement
1188 1511 87 25 d'ache-

695 1544 41 23 ter
752 1550 31 17 ou
803 1543 31 24 de
853 1543 93 24 vendre
964 1543 30 24 de
1013 1545 24 25 la
1053 1542 99 28 viande,
1170 1542 30 24 de
1216 1541 24 25 la
1258 1542 17 24 li-

694 1580 68 21 vrer,
785 1575 66 24 mais
877 1574 80 24 même
980 1574 31 24 de
1034 1573 131 29 l'exposer.
1191 1573 38 24 On
1253 1579 31 17 en

695 1604 99 25 conclut
814 1612 47 21 que
881 1605 34 24 les
935 1604 150 24 boucheries
1101 1606 26 22 et
1149 1604 80 23 même
1250 1603 36 24 les

695 1635 175 24 charcuteries
897 1636 108 24 devront
1034 1635 97 24 fermer
1158 1633 21 25 le
1207 1634 80 24 lundi.

697 1664 94 25 Inutile
811 1666 31 24 de
861 1665 56 24 dire
936 1672 48 22 que
1003 1665 36 24 les
1059 1666 164 23 restaurants
1243 1664 34 24 de-

694 1698 76 23 vront
788 1698 153 28 supprimer,
956 1704 28 17 ce
1000 1696 103 29 jour-là,
1119 1696 36 24 les
1172 1696 66 29 plats
1255 1696 30 23 de

695 1728 91 23 virnde
799 1735 46 18 sur
860 1729 69 24 leurs
944 1735 97 17 menus.

726 1773 13 15 >
760 1764 51 26 Des
834 1765 87 29 peines
942 1772 71 17 assez
1033 1764 128 25 sérieuses
1183 1764 91 29 frappe-

695 1798 57 21 ront
769 1797 35 24 les
820 1797 206 23 contrevenants.
1045 1804 13 15 »
1069 1801 15 14 »

727 1831 76 25 Ainsi
824 1832 101 29 parlent
946 1832 37 23 les
1001 1832 138 27 journaux.
1160 1831 33 25 Ils
1214 1831 59 27 ajou-

692 1864 56 22 tent
763 1870 49 21 que
829 1865 23 24 la
867 1869 100 17 mesure
984 1862 116 24 décrétée
1115 1869 15 17 a
1148 1868 64 22 pour
1226 1868 47 18 cau-

693 1899 41 18 ses
757 1895 23 24 la
800 1893 155 24 diminution
976 1893 30 24 de
1027 1895 74 22 notre
1121 1892 98 29 cheptel
1240 1899 32 16 au-

692 1925 58 22 tant
767 1930 48 22 que
832 1924 24 24 la
871 1924 142 24 fermeture
1031 1922 120 30 probable
1167 1923 33 24 du
1217 1929 57 17 mar-

693 1953 46 24 ché
759 1954 98 26 danois,
882 1954 43 29 qui
947 1961 64 17 nous
1034 1954 101 24 fournit
1156 1952 117 25 annuelle-

692 1986 70 23 ment
782 1998 33 4 —
834 1986 83 28 parmi
936 1985 31 23 de
990 1984 166 24 nombreuses
1177 1983 106 25 denrées

692 2015 177 24 alimentaires
898 2028 33 5 —
961 2015 120 28 quelques
1110 2014 113 26 millions
1254 2014 30 24 de

692 2045 65 25 kilos
774 2046 30 24 de
818 2046 92 24 viande
924 2045 126 29 congelée.

725 2083 37 25 La
780 2083 93 25 Presse
887 2083 118 28 souligne
1021 2083 30 24 de
1068 2083 80 24 même
1165 2089 48 22 que
1229 2084 43 21 tou-

691 2116 40 23 tes
748 2114 36 25 les
799 2114 163 29 statistiques
979 2115 130 23 montrent
1124 2120 48 22 que
1189 2113 23 24 la
1228 2112 45 25 Bel-

692 2145 76 28 gique
785 2146 40 23 est
841 2145 51 26 l'un
911 2145 45 23 des
971 2151 63 23 pays
1053 2145 104 24 neutres
1174 2143 52 29 qui,
1242 2150 32 17 vo-

692 2175 189 27 lontairement,
898 2175 62 26 s'est
980 2175 113 24 astreint
1110 2181 51 18 aux
1180 2174 93 24 restric-

692 2206 70 24 tions
779 2206 36 25 les
835 2206 56 29 plus
909 2205 109 26 sévères.
1039 2206 34 24 Ni
1091 2212 31 17 en
1141 2205 97 28 Suisse,
1256 2204 28 24 ni

692 2244 30 16 en
743 2237 133 27 Hollande,
898 2243 32 18 on
949 2236 42 25 n'a
1011 2236 86 25 réduit
1118 2236 22 25 le
1159 2235 71 24 train
1253 2235 31 24 de

691 2268 41 23 vie
750 2267 64 26 dans
836 2267 24 25 la
880 2268 80 24 même
980 2274 101 17 mesure
1102 2266 75 29 qu'on
1198 2273 31 17 ne
1250 2265 33 25 l'a

692 2298 52 24 fait
759 2298 61 24 chez
838 2305 73 18 nous.

722 2335 154 26 Seulement,
893 2342 64 19 nous
975 2341 32 18 ne
1024 2334 99 25 serions
1142 2334 56 28 plus
1215 2333 58 24 d'au-

692 2365 148 30 thentiques
862 2365 99 29 Belges,
982 2366 24 24 si
1027 2370 63 19 nous
1120 2372 32 17 ne
1181 2364 92 28 rouspé-

694 2397 69 24 tions
789 2403 47 22 pas
851 2396 40 24 !...
921 2396 140 26 Consentir
1083 2394 201 30 spontanément

691 2434 33 17 un
744 2427 123 28 sacrifice,
885 2434 49 17 une
950 2426 139 30 privation,
1109 2427 50 26 oui,
1176 2427 58 22 tout
1251 2426 31 23 de

692 2457 69 25 suite
778 2459 27 22 et
822 2458 31 24 de
873 2457 83 28 grand
973 2464 101 17 cœur...
1095 2457 126 28 Accepter
1239 2456 45 24 des

690 2495 115 17 mesures
823 2488 170 28 restrictives,
1014 2487 125 29 imposées
1157 2487 16 24 à
1192 2488 24 24 la
1234 2487 38 24 col-

690 2518 122 29 lectivité,
831 2525 61 19 sous
908 2519 74 29 peine
999 2518 30 24 de
1049 2517 170 30 représailles,
1238 2518 34 23 im-

689 2549 112 28 possible
817 2557 60 18 sans
892 2550 116 23 montrer
1026 2556 48 17 une
1089 2548 132 25 mauvaise
1236 2548 34 24 hu-

689 2587 74 18 meur
776 2580 57 29 plus
849 2587 31 18 ou
895 2581 83 23 moins
995 2579 114 26 sérieuse
1124 2580 26 23 et
1164 2586 60 17 sans
1242 2579 30 24 af-

691 2611 79 24 ficher
791 2618 49 17 une
863 2611 163 28 indignation
1050 2611 72 24 aussi
1143 2609 140 24 communi-

691 2641 83 25 cative
795 2648 49 23 que
868 2640 200 30 superficielle...

724 2679 73 24 Nous
815 2683 162 24 grognons...
1004 2685 66 23 pour
1097 2677 110 29 prendre
1234 2684 49 17 une

690 2711 155 22 contenance
859 2709 7 25 !
884 2719 13 14 t
911 2709 54 25 Moi
978 2722 33 5 —
1027 2716 15 18 a
1057 2709 38 24 dit
1110 2710 21 24 le
1149 2709 134 23 Monsieur

690 2740 43 28 qui
751 2747 33 17 ne
799 2739 90 25 raffole
908 2747 46 22 pas
970 2740 31 24 de
1016 2740 94 24 viande
1127 2752 6 5 -
1132 2753 30 4 —
1176 2739 26 29 je
1219 2745 63 18 vous

689 2770 118 29 préviens
831 2777 49 22 que
900 2777 64 18 vous
985 2777 109 22 pourrez
1118 2769 106 25 doubler
1246 2776 34 21 ies

690 2801 99 26 rations
811 2801 33 24 du
868 2801 135 24 dimanche
1018 2801 6 24 !
1049 2801 34 24 Ce
1104 2807 49 22 que
1176 2801 27 29 je
1225 2801 56 23 vais

688 2831 65 25 m'en
774 2832 98 24 donner
886 2832 41 24 !...
951 2842 12 14 >
985 2832 35 23 Et
1044 2832 31 24 de
1096 2830 95 26 bonnes
1216 2837 63 22 gens

688 2861 33 24 du
738 2861 98 30 peuple,
853 2869 34 17 un
907 2869 48 21 peu
973 2861 93 25 bornés
1085 2864 25 22 et
1128 2862 55 23 fort
1201 2862 68 28 pessi-

689 2892 99 27 mistes,
827 2893 45 23 ont
902 2892 63 24 émis
998 2893 248 24 sentencieusement
1274 2899 6 17 :

689 2932 12 14 •r
719 2922 39 25 On
774 2929 143 18 commence
935 2930 48 22 par
999 2930 33 17 un
1049 2923 68 28 jour,
1133 2923 67 24 mais
1216 2929 64 17 vous

689 2960 88 17 verrez
798 2960 48 22 que
869 2961 29 22 ça
918 2961 33 17 ne
978 2953 140 25 s'arrêtera
1146 2960 46 22 pas
1223 2952 57 25 là...

688 2984 112 27 Bientôt,
818 2991 64 20 nous
901 2991 95 18 aurons
1015 2984 65 24 faim
1095 2984 40 24 !...
1154 2994 12 14 >
1184 2984 35 24 Et
1235 2989 45 18 vos

687 3015 206 26 raisonnements
912 3014 94 26 subtils
1023 3014 72 25 n'ont
1113 3022 32 22 pu
1166 3015 55 24 leur
1238 3021 30 17 en-

687 3045 70 24 lever
780 3052 48 17 une
852 3045 144 25 conviction
1023 3046 62 24 dont
1110 3046 31 24 ils
1164 3045 105 29 s'imprè-

687 3078 79 26 gnent
784 3083 47 22 par
847 3076 148 30 principe...
1014 3077 26 23 et
1058 3083 61 17 sans
1137 3076 87 24 raison
1238 3076 41 24 !...

720 3112 35 26 Ce
771 3113 44 29 qui
835 3114 40 24 est
894 3113 102 25 évident
1012 3127 34 4 —
1064 3115 27 23 et
1108 3112 172 25 indiscutable

686 3156 33 5 —
737 3143 64 25 c'est
822 3151 49 22 que
890 3151 65 18 nous
974 3144 82 25 allons
1076 3144 63 28 être,
1161 3145 59 24 tous
1241 3143 37 25 les

686 3174 93 28 lundis,
799 3175 55 28 pris
874 3174 75 25 d'une
968 3174 114 29 fringale
1103 3175 31 24 de
1152 3174 125 24 viande...

687 3205 81 24 Notre
787 3207 93 26 langue
902 3215 13 15 «
932 3205 72 25 filera
1025 3215 12 14 >
1056 3212 59 18 vers
1135 3212 33 17 un
1186 3212 79 17 savou-

687 3242 63 17 reux
763 3235 134 25 beefsteak
912 3237 76 27 garni
1002 3236 31 24 de
1045 3243 104 17 cresson
1165 3243 32 17 ou
1211 3236 67 25 l'une

688 3265 30 24 de
741 3272 41 17 ces
803 3266 132 24 côtelettes
958 3266 98 28 dorées,
1080 3266 118 25 d'autant
1219 3267 57 28 plus

687 3296 141 24 désirables
848 3296 76 30 qu'ils
945 3299 89 23 seront
1054 3297 152 29 prohibés...
1228 3297 48 25 Les

686 3328 56 29 plus
758 3328 115 24 heureux
891 3335 27 19 se
933 3330 143 28 vengeront
1093 3336 30 17 en
1142 3329 135 23 caressant

685 3366 61 18 sans
763 3359 180 28 ménagement
967 3360 23 24 le
1016 3359 130 26 succulent
1172 3359 104 28 jambon

685 3389 72 24 fumé
768 3390 132 24 voisinant
913 3397 60 17 avec
988 3391 37 25 les
1041 3390 147 25 saucissons
1202 3390 74 24 d'Ar-

685 3420 102 27 dennes,
805 3427 51 18 aux
872 3420 93 27 solives
980 3421 33 24 du
1028 3419 137 30 grenier...

717 3450 49 24 Les
779 3450 125 27 bouchers
918 3458 32 17 ne
965 3451 145 27 s'affectent
1124 3458 46 22 pas
1184 3452 91 23 trop...

686 3481 34 26 Ils
744 3483 177 27 respecteront
943 3484 36 24 les
1008 3482 169 28 consignes...
1208 3482 68 24 Mais

685 3512 31 24 ils
727 3513 167 24 connaissent
909 3512 57 25 leur
976 3512 149 25 clientèle...
1140 3513 136 29 Beaucoup

683 3544 45 23 ont
749 3546 24 24 la
794 3544 118 24 coutume
930 3544 34 24 du
985 3550 62 21 gros
1068 3543 50 25 rôti
1139 3542 124 25 hebdoma-

684 3573 79 28 daire,
783 3574 45 29 qui
848 3574 77 26 suffit
946 3575 144 26 largement
1112 3581 52 18 aux
1186 3574 89 24 dîners

683 3604 33 24 du
735 3604 135 26 dimanche
887 3606 27 23 et
933 3605 33 24 du
985 3604 105 26 lundi...

715 3634 36 25 Et
764 3642 98 18 comme
879 3636 25 24 le
922 3635 79 28 Belge
1021 3636 127 24 frondeur
1165 3635 67 25 aime
1249 3635 25 25 la

682 3666 188 24 contradiction
886 3666 27 24 et
927 3666 120 30 pratique
1061 3666 141 26 volontiers
1220 3665 43 25 l'in-

683 3695 205 30 subordination,
908 3697 24 25 le
952 3705 12 15 t
986 3697 62 28 jour
1066 3704 61 17 sans
1147 3697 93 24 viande
1261 3705 12 15 >

681 3733 33 17 ne
737 3734 59 17 sera
819 3726 194 30 probablement
1037 3735 47 22 pas
1108 3727 66 25 celui
1196 3727 76 29 qu'on

683 3763 108 22 pense...
810 3757 150 25 Nombreux
973 3759 61 24 sont
1048 3765 72 22 ceux,
1136 3765 61 19 sans
1214 3758 48 24 dou-

681 3788 34 24 te,
734 3788 44 28 qui
796 3795 33 17 ne
848 3788 156 29 prétendant
1022 3796 47 22 pas
1089 3796 27 17 se
1134 3789 67 29 plier
1220 3795 52 18 aux

683 3818 185 29 prescriptions
884 3818 103 30 légales,
1003 3820 162 28 mangeront,
1182 3822 23 24 le
1219 3819 43 25 lun-

681 3848 34 27 di,
730 3848 68 24 deux
811 3850 53 25 fois
877 3850 59 29 plus
954 3850 31 24 de
1001 3850 93 25 viande
1109 3857 49 22 que
1174 3849 86 25 d'habi-

683 3878 70 29 tude,
773 3879 98 29 quittes
895 3880 16 25 à
932 3887 28 19 se
983 3887 88 18 serrer
1100 3883 25 25 la
1156 3881 118 25 ceinture

680 3910 59 25 tous
757 3910 37 25 les
813 3911 88 26 autres
917 3911 74 29 jours
1007 3911 32 25 de
1057 3911 24 25 la
1098 3911 155 25 semaine....

1115 3942 125 26 CANET.

1403 618 106 68 La
1545 617 300 69 cuisine

1340 760 161 29 Blanquette
1517 761 32 23 de
1565 761 107 23 mouton
1688 768 52 17 aux
1757 762 113 23 tomates

1336 796 20 20 Il
1375 796 51 24 faut
1445 801 46 18 une
1509 795 82 26 épaule
1608 795 29 22 de
1655 798 105 24 mouton,
1779 798 25 20 50
1822 800 33 20 gr.
1872 795 30 21 de

1310 825 82 22 beurre
1408 828 30 16 ou
1456 823 28 24 de
1502 824 93 24 graisse,
1612 828 46 16 une
1676 825 107 20 cuillerée
1799 824 15 21 à
1831 828 71 20 soupe

1308 852 29 20 de
1356 852 82 21 farine,
1456 856 46 17 une
1519 853 73 24 petite
1610 855 62 19 ta=se
1689 853 68 21 d'eau
1775 851 127 22 bouillante

1310 880 149 22 additionnée
1476 880 108 20 d'extrait
1602 880 28 21 de
1648 880 90 23 viande,
1756 882 12 19 2
1785 879 118 22 cuillerées

1295 909 5 28 j
1309 908 14 20 à
1344 912 71 20 soupe
1436 908 29 23 de
1486 908 70 25 purée
1576 908 29 21 de
1627 909 107 23 tomates,
1757 909 83 25 poivre,
1860 907 35 21 sel

1296 938 4 16 !
1312 936 74 23 thym,
1411 936 94 24 laurier,
1531 940 46 18 une
1602 936 92 20 dizaine
1719 937 29 20 de
1773 936 72 25 p2tits
1869 935 29 20 oi-

1296 972 3 10 i
1309 968 81 20 gnons.

1296 985 4 40 |
1335 992 32 20 La
1389 992 84 20 viande
1496 992 66 20 étant
1584 992 114 24 découpée
1720 997 29 16 en
1773 995 129 18 morceaux.

1295 1011 4 31 1
1309 1020 70 21 faites
1397 1020 91 20 revenir
1506 1020 87 20 ceux-ci
1613 1020 59 20 dans
1691 1020 21 22 le
1731 1021 82 20 beurre
1823 1024 5 17 :
1848 1023 54 16 sau-

1296 1059 3 13 ,
1308 1047 100 25 poudrez
1420 1048 29 20 de
1463 1048 75 21 far'iie
1550 1054 4 17 ;
1571 1047 106 21 mouillez
1690 1053 55 16 avec
1759 1050 57 20 l'eau
1830 1047 61 21 bouil-

1308 1076 64 20 lante
1382 1083 5 18 ;
1408 1076 92 24 ajoutez
1517 1076 23 20 la
1558 1075 69 26 purée
1645 1075 29 23 de
1691 1078 100 22 tomates
1807 1081 23 19 et
1848 1075 43 21 l'ex-

1309 1105 56 19 trait
1388 1103 28 21 de
1439 1104 85 20 viande
1533 1110 5 18 ;
1564 1108 148 16 assa.sonnez
1722 1110 6 16 :
1754 1105 92 25 ajoutez
1869 1104 33 20 les

1295 1128 4 7 '
1308 1133 71 23 petits
1395 1132 103 24 oignons.
1517 1133 90 20 Laissez
1624 1132 94 24 mijoter
1733 1133 104 25 pendant
1855 1136 46 16 une

1294 1154 5 32 |
1308 1161 72 24 petite
1399 1160 71 20 heure
1480 1164 5 17 :
1507 1160 128 24 dégraissez
1654 1161 22 20 la
1694 1166 70 16 sauce
1782 1165 23 18 et
1825 1164 76 16 servez

1308 1189 48 22 très
1371 1188 85 21 chaud.

1452 1223 111 29 Lingots
1579 1230 80 17 sauce
1676 1224 79 25 dorée

1339 1263 93 27 Couper
1445 1270 28 16 en
1489 1270 56 19 gros
1560 1262 42 22 dés
1616 1263 44 21 ôO-O
1674 1269 120 20 grammes
1808 1263 28 22 de
1850 1260 37 25 ■■"■el-

1309 1290 35 25 les
1366 1293 113 23 carottes,
1504 1290 34 23 les
1563 1290 91 22 roussir
1676 1297 29 16 en
1726 1294 91 20 cocotte
1840 1296 57 16 avt.c

1307 1318 84 23 beurre
1408 1321 24 20 et
1449 1319 63 22 huile
1529 1318 61 22 deux
1609 1317 59 24 tiers
1685 1318 85 24 beurre
1788 1325 59 20 pour
1865 1325 30 15 an

1311 1347 66 25 tiers,
1401 1353 57 16 avec
1483 1347 13 21 2
1520 1353 29 16 ou
1573 1347 13 21 3
1611 1346 101 26 oignons
1737 1350 24 20 et
1788 1346 110 27 quelques

1309 1374 106 25 lardons;
1437 1375 87 22 retirer
1545 1376 60 21 tout,
1626 1374 64 23 faire
1712 1382 30 15 un
1764 1381 59 17 roux
1843 1374 55 22 elri-

1309 1402 58 25 tain,
1387 1402 21 22 le
1431 1402 109 22 mouiller
1561 1408 57 16 avec
1639 1402 81 23 moitié
1741 1410 44 16 tau
1807 1402 85 27 (conte-

1309 1436 47 15 nan
1380 1437 31 15 un
1435 1430 129 22 comnrimé
1590 1430 14 22 à
1629 1429 115 27 bouillon)
1771 1433 25 21 et
1817 1430 80 23 moitié

1309 1457 103 23 bouillon
1430 1458 41 22 des
1489 1458 104 22 haricots
1614 1457 114 28 (lingots)
1750 1460 60 22 cuits
1829 1458 66 26 pré*-

1310 1484 135 28 Ublement,
1465 1486 96 25 ajouter
1580 1486 102 22 bouruet
1702 1487 78 26 garni,
1799 1487 15 22 à
1833 1486 53 22 éb-il

1307 1512 77 27 lition,
1400 1515 114 22 remettre
1527 1516 107 20 carottes
1648 1516 24 20 et
1687 1515 103 24 lardons,
1806 1521 29 16 un
1852 1521 43 17 c?u

1307 1539 52 29 pins
1376 1541 55 22 tard
1447 1541 35 23 les
1499 1542 109 25 oignons.

1338 1569 48 22 Peu
1407 1572 75 19 avant
1505 1569 27 23 de
1555 1569 85 25 servh\
1662 1569 94 26 joindre
1778 1571 33 22 les
1833 1569 52 23 hari-

1308 1598 51 21 cots
1386 1597 62 22 cuits
1474 1603 60 20 pour
1559 1597 69 22 ou'il?
1653 1600 117 22 prennent
1797 1598 52 22 bien
1875 1598 20 22 .'e

1307 1624 58 25 coût
1384 1625 28 22 de
1431 1624 23 23 la
1475 1631 77 17 sauce.

1455 1657 101 26 Soufflé
1575 1665 34 17 au
1629 1658 120 29 fromage

1337 1695 66 23 Dans
1427 1702 32 16 un
1460 1706 13 15 e
1496 1696 74 25 petite
1595 1696 125 26 casserole,
1745 1697 73 22 faites
1842 1695 43 23 fon-

1307 1724 41 22 dre
1372 1730 45 16 une
1441 1723 111 23 cuillerée
1575 1723 28 23 de
1627 1723 93 25 beurre,
1745 1725 150 25 mélangez-v

1305 1757 61 17 deux
1383 1751 123 23 cuillerées
1523 1751 28 23 de
1567 1751 90 25 farine;
1673 1751 95 27 poivrez
1783 1755 24 20 et
1823 1751 71 26 salez,

1306 1779 94 24 ajoutez
1417 1780 31 21 du
1465 1779 45 23 lait
1527 1779 76 22 chaud
1620 1781 24 21 et
1661 1780 98 23 tournez
1775 1782 107 20 constam-

1306 1809 64 20 ment
1383 1813 57 16 avec
1455 1807 23 22 la
1492 1807 83 22 cuil-er
1587 1813 29 16 en
1631 1807 59 23 bois,
1703 1807 27 24 de
1744 1808 70 22 façon
1827 1808 13 22 à
1853 1807 30 22 ob

1307 1835 64 22 tenir
1395 1842 45 16 une
1467 1841 71 17 sauce
1566 1834 51 23 très
1639 1835 101 24 éoaisse.
1766 1836 128 26 Ajoute<s-v

1306 1867 55 20 cent
1382 1869 122 19 grammes
1529 1863 28 22 de
1580 1861 103 28 gruyère
1707 1864 56 27 râpé
1786 1866 24 21 et
1833 1863 61 22 de-jx

1307 1890 82 24 iaunes
1406 1890 92 23 d'œufs.
1516 1890 127 27 Mélangez
1659 1891 53 23 bien
1728 1891 17 23 U
1765 1893 61 23 tout,
1840 1897 43 16 ver-

1305 1925 39 15 sez
1362 1918 59 22 dans
1438 1925 33 16 un
1488 1918 51 23 nlat
1560 1925 67 16 assez
1647 1919 102 25 profond
1768 1919 75 23 allant
1863 1926 30 15 au

1305 1947 63 24 four,
1390 1946 148 27 saupoudrez
1561 1946 28 23 de
1613 1946 127 26 chapelure
1771 1953 122 16 narserr-z

1305 1981 7 12 i
1322 1974 95 26 uelques
1441 1974 115 23 noisettes
1582 1974 28 23 de
1635 1974 92 24 beurre,
1751 1975 86 25 glissez
1862 1981 30 15 au

1304 2002 57 22 four
1377 2000 49 26 très
1443 2002 76 22 chaud
1535 2002 29 22 où
1583 2009 58 16 vous
1659 2003 113 22 laisserez
1791 2002 62 26 juste
1871 2002 21 22 le

1306 2031 77 24 temps
1400 2036 44 20 que
1462 2030 24 22 la
1504 2030 154 27 préparation
1676 2037 89 19 prenne
1784 2037 44 16 une
1845 2028 37 24 bul-

1305 2055 21 26 le
1345 2057 103 23 couleur.

1954 1405 70 24 Robe
2043 1405 34 25 du
2097 1415 50 15 soir
2166 1415 31 16 en
2227 1406 150 25 mousseline
2406 1406 107 24 blanche

1925 1445 91 25 brodée
2032 1446 32 25 de
2078 1454 97 26 grosses
2191 1446 77 30 fleurs
2286 1446 90 25 bleues.
2393 1446 118 25 Création

1923 1485 106 26 Drecoll.

2103 1602 231 40 L'entretien

1978 1653 66 38 des
2072 1656 180 36 couverts
2279 1655 47 37 de
2352 1654 103 39 tab'e

1944 1740 43 20 Les
2022 1741 106 19 couverts
2163 1740 136 20 entretenus
2335 1739 177 25 régulièrement

1918 1774 117 24 n'exigent
2058 1778 97 20 presque
2177 1774 87 24 jamais
2287 1774 99 25 l'emploi
2409 1775 29 20 de
2461 1779 43 20 pro-

1918 1809 64 20 duits
2003 1808 30 23 de
2055 1810 130 23 nettoyage.
2209 1809 21 20 Il
2251 1809 66 21 suffit
2339 1810 30 21 de
2390 1810 34 23 les
2446 1810 66 24 jeter,

1918 1844 68 24 après
2008 1844 33 23 les
2064 1849 74 20 repas,
2160 1844 61 21 dans
2243 1844 29 23 de
2294 1845 59 21 l'eau
2378 1845 134 24 bouillante,

1917 1879 53 24 puis
1988 1876 61 23 dans
2067 1878 30 24 de
2116 1879 59 21 l'eau
2196 1879 82 21 froide.
2299 1880 38 20 On
2356 1880 98 24 procède
2472 1885 32 16 en-

1917 1914 61 23 suite
1995 1913 15 20 à
2028 1913 51 21 leur
2096 1918 110 20 essuyage
2224 1918 31 17 au
2273 1914 62 24 linge
2352 1914 41 21 fin.
2411 1919 52 20 puis
2481 1919 32 16 on

1917 1948 33 21 les
1964 1948 72 23 frotte
2050 1953 55 16 avec
2120 1949 23 20 la
2157 1953 60 20 peau
2231 1948 29 22 de
2274 1949 104 22 chamois
2393 1950 53 20 bien
2459 1954 43 16 sou-

1917 1983 45 25 ple.
1978 1984 35 22 De
2027 1985 75 23 temps
2117 1988 30 16 en
2161 1985 84 24 temps,
2261 1988 31 16 on
2306 1984 33 20 les
2353 1984 88 22 nettoie
2456 1989 55 16 avec

1917 2022 47 16 une
1982 2018 101 20 solution
2100 2018 30 21 de
2149 2018 103 25 vinaigre
2271 2018 150 21 additiornëe
2438 2019 30 23 de
2487 2019 25 20 10

1917 2057 23 20 p.
1961 2057 18 19 c.
2000 2053 29 20 de
2048 2053 33 21 sel
2100 2053 194 24 d'ammoniaque.

2539 594 161 22 EMISSIONS
2723 594 189 22 REGULIERES
2935 595 37 21 OE
2995 596 34 21 L'I
3060 597 26 20 N.
3109 596 24 20 R.
3154 595 98 25 Reprise
3271 595 32 21 du
3324 595 100 20 concert.

3493 594 26 21 15
3539 593 25 25 h.

3619 594 133 22 Chansons.

2562 631 122 20 Journaux
2701 629 77 24 parles
2797 635 6 15 :
2822 629 13 20 7
2852 630 23 23 h.
2892 629 34 23 25.
2946 629 13 21 8
2974 632 23 18 a.
3013 629 33 25 25.
3063 630 24 21 13
3101 631 31 25 h.,

2540 657 23 20 19
2577 657 24 22 h.
2616 657 33 24 30,
2664 656 26 20 22
2706 657 22 18 li.
2743 655 63 21 Tous
2822 656 33 20 les
2869 656 59 20 soirs
2942 657 13 19 à
2971 656 27 21 20
3014 657 28 22 h.,
3059 657 21 21 la
3094 657 30 21 de-

2538 684 114 20 mi-heure
2664 682 32 21 du
2710 682 83 22 soldat.

2620 714 162 22 EMISSIONS
2807 715 240 20 OINFORMATION

2653 742 36 21 EN
2709 742 120 21 LANGUE
2851 741 167 24 FRANÇAISE

2643 769 54 20 DES
2719 768 110 22 POSTES
2851 768 178 21 ETRANGERS

2559 804 89 20 France
2671 818 6 5 .
2700 802 151 21 Kaûio-Pans
2872 808 7 14 r
2901 808 12 13 o
2932 806 23 17 n.
2975 803 33 22 30.
3028 804 13 18 8
3060 804 22 20 a
3100 802 32 24 30.

2539 831 23 20 13
2579 831 23 19 h.
2618 830 33 22 30.
2669 829 25 20 20
2712 829 20 20 h
2751 829 26 20 30
2802 829 24 19 22
2845 830 21 20 h.
2884 829 31 22 30.
2932 829 25 19 23
2974 829 24 21 h.
3018 829 32 20 30.

2564 857 101 21 Paris-P.
2681 856 19 20 T
2721 855 17 21 1
2767 862 6 15 :
2791 856 12 20 6
2818 857 24 20 b.
2858 856 33 25 30,
2906 855 13 21 8
2935 855 15 20 b
2973 855 31 22 30.
3020 855 24 21 12
3062 856 17 19 b
3098 855 27 21 30

2539 885 23 19 19
2577 884 24 22 b.
2617 884 32 22 30.
2667 883 24 20 21
2710 884 16 19 h
2752 883 32 23 30.
2802 883 26 19 23
2844 882 16 20 h
2883 882 31 21 30.

2564 911 182 20 Poste-Parisien
2767 917 6 13 :
2795 910 13 19 6
2822 910 22 19 b.
2862 909 33 21 30.
2911 909 12 19 7
2941 912 23 18 b.
2982 909 26 20 30
3030 909 14 20 8
3060 910 22 19 b.
3100 909 26 20 30

2537 938 25 20 12
2578 939 22 18 h.
2618 937 31 21 30.
2667 937 25 20 13
2708 938 16 18 b
2748 936 26 20 30
2800 936 25 20 18
2841 936 16 20 h
2881 935 33 25 30,
2932 936 25 20 19
2971 937 31 22 b..
3019 935 25 20 19
3060 936 21 19 b
3099 935 26 20 30

2537 964 25 20 20
2579 964 16 20 h
2618 964 33 21 30.
2668 964 22 19 21
2711 963 15 20 h
2751 963 26 20 30
2798 962 26 21 22
2843 962 23 21 b.
2884 962 27 20 30
2927 964 22 18 et
2967 962 26 20 23
3009 963 16 19 b
3047 962 26 19 30

2738 995 190 20 RADIO-ROME

2563 1032 46 19 Sur
2626 1030 26 20 25
2671 1034 29 16 m.
2722 1029 26 21 40
2766 1030 15 19 â
2799 1029 13 20 9
2830 1028 24 22 h.
2874 1028 26 21 30
2918 1029 24 20 et
2960 1027 23 20 15
3002 1029 22 18 n.
3041 1027 33 22 55.
3092 1031 41 16 sur

2537 1058 23 19 31
2584 1062 30 17 m.
2636 1057 24 20 15
2680 1056 15 21 à
2715 1057 24 20 19
2759 1056 17 20 h
2803 1055 25 21 15
2847 1057 23 19 et
2890 1055 23 20 21
2930 1055 24 20 h.
2971 1054 26 21 30
3016 1056 23 19 et
3058 1058 40 17 sur
3106 1054 25 20 31

2537 1084 84 20 mètres
2640 1084 26 20 02
2685 1083 15 20 à
2720 1083 85 20 minuit
2824 1082 33 22 45.
2876 1082 42 20 Les
2938 1083 57 19 trois
3014 1080 119 21 dernières

2537 1111 124 20 émissions
2685 1112 54 19 sont
2764 1110 132 23 r;.lement
2922 1108 138 21 transmises
3091 1111 41 17 sur

2537 1138 76 20 l'onde
2632 1141 114 20 moyenne
2764 1136 30 21 de
2812 1136 37 21 421
2870 1140 24 16 m

2650 1170 163 20 EMISSIONS
2837 1167 185 24 FRANÇAISES

2688 1196 39 21 DE
2743 1194 237 23 RADIO-VATICAN

2565 1231 67 24 Dim.,
2656 1231 15 19 â
2695 1230 22 19 11
2744 1230 32 25 b.,
2799 1232 104 17 causerie
2934 1228 127 23 religieuse,
3092 1230 40 17 sur

2535 1258 25 20 31
2580 1262 30 18 m.
2631 1257 34 21 06:
2690 1260 119 21 mercredi,
2830 1255 15 21 à
2865 1255 27 21 20
2909 1256 29 21 b.,
2960 1254 171 24 informations,

2536 1289 39 15 sur
2592 1285 25 20 48
2635 1289 29 15 m.
2685 1284 34 21 47:
2738 1288 15 15 a
2770 1283 26 20 20
2812 1283 22 19 h.
2852 1282 32 25 30,
2903 1281 172 25 informations,
3091 1284 40 17 sur

2537 1312 24 20 19
2582 1316 23 16 m
2633 1311 35 22 84:
2693 1309 106 21 veniredi
2826 1309 15 21 â
2863 1309 24 20 14
2909 1308 31 23 h.,
2960 1307 165 21 informations

2535 1343 40 15 sur
2595 1338 26 20 43
2641 1342 23 16 m
2692 1337 33 26 47,
2744 1336 118 21 destinées
2878 1340 30 16 au
2928 1334 107 22 Canada;
3057 1338 64 16 same-

2536 1365 31 26 di,
2584 1365 15 20 à
2615 1365 26 20 20
2658 1364 17 21 h
2704 1363 146 26 conférence,
2869 1366 40 17 sur
2926 1362 26 21 48
2969 1366 23 16 m
3013 1362 26 19 47

2563 1392 59 22 19.84
2639 1396 30 18 m.
2690 1400 20 9 =
2732 1390 73 23 15.120
2821 1390 34 21 ko

2562 1419 60 22 31.06
2636 1423 31 18 m.
2686 1427 20 9 =
2724 1417 60 22 9.660
2798 1418 34 19 te.

2562 1446 60 22 48.47
2639 1449 29 16 m.
2689 1453 20 10 =
2727 1444 60 21 6.190
2803 1445 29 19 te

1365 2151 23 18 .1
1399 2151 10 19 I
1420 2151 9 18 I
1440 2151 10 18 I
1461 2151 10 18 I
1482 2151 30 18 II
1523 2150 112 19 IIIIII
1646 2150 9 18 I
1666 2150 93 20 ICIII
1770 2152 10 18 ■
1791 2152 10 18 I
1812 2151 69 19 IIII
1892 2151 30 19 II
1933 2152 10 18 I
1954 2152 9 18 I
1974 2152 11 18 ■
1996 2152 31 19 Il
2038 2152 30 18 II
2079 2152 52 18 II,
2143 2152 9 19 I
2163 2152 134 18 E-EIll-l
2307 2152 11 18 I
2328 2152 53 19 CEI
2391 2153 11 18 I

1801 2185 48 33 Les
1864 2184 116 33 conseils
1995 2184 32 32 de
2042 2184 87 32 Tante
2143 2184 117 32 Mélanie

1702 2238 156 33 COMMENT
1873 2238 95 32 CUIRE
1984 2238 174 36 MACARONI,

1984 2281 162 38 NOUILLES,
2168 2281 178 33 SPAGHETTI
2372 2281 14 33 ?

1727 2342 62 21 Cest
1804 2341 21 19 la
1839 2339 126 25 simplicité
1981 2341 82 19 même,
2079 2341 60 15 -nais
2153 2337 93 19 surtout
2263 2339 27 16 ne
2307 2339 33 15 les
2355 2336 23 23 je-

1701 2370 37 18 tez
1750 2371 44 21 pas
1806 2366 59 20 dans
1878 2365 58 20 l'eau
1952 2364 76 20 froide
2043 2364 60 19 mais
2125 2363 52 19 bien
2198 2362 60 20 dans
2279 2364 28 17 Ue
2329 2361 60 20 l'eau

1700 2399 27 15 en
1744 2392 117 22 ébullitlon
1877 2391 25 20 et
1916 2394 30 17 ne
1961 2389 125 27 prolongez
2101 2393 44 21 pas
2161 2389 51 19 leur
2227 2389 94 19 cuisson
2337 2388 53 25 plus

1701 2421 27 19 •le
1741 2419 27 20 15
1782 2418 109 21 minutes.
1905 2417 94 20 Retirez
2011 2416 31 20 du
2049 2415 46 23 feu,
2107 2418 95 21 rompez
2212 2414 137 20 l'ébullition
2359 2417 30 16 en

1709 2447 85 18 -«s*,!
1811 2449 29 16 un
1854 2448 31 16 ou
1900 2443 60 20 deu:»
1976 2445 78 17 verre"
2074 2441 68 20 d'eau
2163 2440 76 20 froide
2260 2440 24 19 et
2307 2441 83 19 IrJssez

1701 2471 92 26 gonfler
1811 2468 101 27 pendant
1927 2468 14 21 5
1957 2468 15 21 à
1989 2468 14 21 6
2020 2473 22 15 m
2076 2471 51 16 ites.
2146 2468 117 24 Egouttez
2281 2466 52 20 bien
2350 2470 29 16 en-

1701 2496 68 21 suite.

1729 2533 25 21 SI
1771 2537 56 16 vous
1842 2532 112 26 procédez
1968 2531 67 23 ainsi,
2044 2535 57 16 vous
2114 2530 137 20 n'altérerez
2265 2529 87 25 Jamais
2367 2530 21 19 la

1702 2559 104 24 termeté,
1822 2559 22 20 la
1858 2562 86 16 saveur
1958 2557 25 21 et
1997 2556 146 21 l'onctuosité
2161 2556 40 20 des
2219 2555 108 26 exquises
2344 2554 44 21 Pâ-

1705 2590 30 17 ■es
1750 2585 127 25 françaises
1890 2582 253 22 BP.'J-SON-Jn.UNE
2165 2586 44 15 non
2224 2582 109 20 colorfes.

1721 2625 71 20 Pâtru
1805 2622 164 22 Alimentaire*»
1983 2620 129 25 française*

1366 2648 21 99 |
1466 2658 461 71 BRUSSON
1978 2654 333 69 JEUNE

1367 2755 20 14 ■
1711 2750 123 20 Ml.l.K.MI
1848 2750 17 18 11
1891 2747 221 25 (Haute-Uaruiiiie)

1378 2790 51 19 M!
1440 2789 31 19 M
1605 2782 258 23 IIIIIIIIIIMI
1974 2781 54 19 III
2222 2779 52 18 •"

1358 2885 202 73 Conseils
1590 2884 55 73 de
1680 2884 164 72 beauté

688 4019 57 21 UNE
766 4020 190 22 EXCELLENTE
976 4022 158 22 ADRESSE...
1153 4027 60 20 pour
1230 4027 41 17 vos

683 4046 128 21 manteaux
829 4048 25 20 et
870 4048 105 21 tailleurs
998 4049 81 21 TOUS
1097 4049 113 25 façonnés
1229 4055 40 16 sur

685 4078 13 15 «
724 4069 330 28 L'INDEFORMABLÉ-Péde
1079 4081 19 22 »,
1124 4076 103 27 breveté;
1255 4077 17 21 11

685 4101 119 23 supprime
828 4101 238 23 RADICALEMENT
1089 4103 116 25 l'ouatage
1230 4103 41 22 des

683 4127 102 24 épaules.
798 4128 134 23 Vêtements
945 4131 98 26 souples,
1055 4131 81 27 légers,
1149 4131 121 21 tellement

683 4154 54 24 plus
753 4155 157 22 confortables
926 4158 24 20 et
967 4157 49 21 très
1031 4158 158 25 hygiéniques.
1208 4159 61 21 Mme

685 4182 97 26 LEPAS,
798 4186 41 17 rue
855 4183 171 29 Saint-Joseph,
1042 4187 32 25 26,
1091 4186 94 23 Namur.
1216 4187 53 20 6870

725 4261 75 46 Une
818 4261 100 48 table
938 4278 92 43 pour
1051 4264 53 47 les
1125 4264 103 57 jours

901 4324 44 47 de
975 4325 77 46 fête

707 4417 45 21 Les
775 4422 107 17 mamans
903 4420 54 21 sont
975 4420 153 25 ingénieuses.
1158 4422 46 20 Par
1234 4427 37 16 ces

684 4444 77 24 temps
784 4444 118 28 difficiles,
940 4447 57 21 elles
1034 4447 136 22 trouveront
1207 4450 65 20 mille

681 4475 96 20 moyens
795 4476 60 20 pour
873 4477 45 20 que
936 4473 25 21 la
978 4474 152 21 communion
1146 4475 126 22 solennelle

681 4498 30 20 de
728 4498 63 20 leurs
809 4498 96 22 enfants
922 4500 46 22 soit
986 4501 63 21 aussi
1065 4501 167 22 aimablement
1239 4502 24 22 fê-

681 4523 39 22 tée
737 4525 69 24 qu'en
824 4525 76 25 temps
921 4527 97 23 normal.

709 4557 62 21 C'est
793 4557 16 21 à
829 4558 25 21 la
874 4559 64 23 table
957 4561 94 21 surtout
1072 4560 95 26 qu'elles
1187 4562 78 22 donne-

681 4584 56 20 ront
753 4588 35 16 un
804 4584 37 21 air
858 4585 29 21 de
903 4585 55 25 fête.
975 4587 46 21 Sur
1038 4587 24 21 la
1077 4591 78 21 nappe
1173 4588 100 23 blanche

681 4615 31 17 ou
728 4610 24 21 la
766 4615 79 20 nappe
859 4612 30 20 de
901 4613 56 21 toile
973 4613 93 28 basque,
1082 4614 58 21 elles
1158 4615 114 22 mettront

682 4641 33 17 un
731 4639 95 19 couvert
840 4637 59 22 dont
915 4639 22 21 le
953 4640 96 22 charme
1064 4641 94 21 tiendra
1173 4641 89 25 précisé-

680 4664 67 21 ment
763 4665 31 21 de
811 4664 23 21 la
850 4665 115 24 diversité.
983 4667 82 24 Quelle
1078 4668 129 21 excellente
1224 4674 39 17 ma-

684 4690 67 21 nière
772 4690 115 22 d'utiliser
910 4697 48 17 une
981 4694 106 21 vaisselle
1114 4694 140 25 dépareillée
1264 4696 6 21 !

681 4718 46 20 J'ai
742 4721 32 17 vu
788 4722 47 17 une
847 4718 64 22 table
924 4721 41 23 qui
977 4721 127 23 paraissait
1118 4721 49 22 très
1181 4722 83 21 recher-

682 4744 57 21 chée
760 4744 26 21 et
807 4745 40 25 qui
868 4745 83 23 n'était
974 4752 44 20 que
1040 4748 147 22 l'utUisation
1209 4749 55 25 ingé-

682 4772 83 20 nieuse
784 4771 31 21 de
838 4773 99 21 services
958 4778 100 20 pauvres
1080 4776 25 20 et
1128 4775 145 25 dépareillés.

682 4799 60 20 Sous
763 4797 114 23 l'assiette
893 4799 32 23 de
942 4801 91 25 chaque
1050 4802 103 28 convive,
1173 4803 23 22 la
1215 4803 60 21 mal-

682 4826 75 20 tresse
772 4824 30 22 de
816 4826 92 21 maison
920 4828 64 21 avait
999 4828 71 25 glissé
1085 4833 47 17 une
1146 4829 73 25 petite
1227 4834 38 17 ser-

681 4852 73 20 viette
769 4851 16 21 à
799 4852 43 21 thé
858 4857 30 16 en
903 4854 56 21 toile
973 4856 71 20 d'une
1059 4860 93 17 nuance
1167 4857 39 24 qui
1220 4861 43 17 ren-

682 4879 85 24 forçait
788 4878 59 25 celle
864 4879 30 21 de
915 4880 118 26 l'assiette.
1054 4883 46 20 Les
1120 4887 78 17 verres
1220 4888 51 16 eux-

682 4905 89 21 mêmes
780 4913 8 23 ^
794 4905 157 24 changeaient
977 4908 91 25 d'après
1091 4909 35 22 les
1158 4911 113 22 convives.

681 4932 58 21 Cela
754 4936 33 17 ne
798 4932 82 21 faisait
895 4937 44 21 pas
954 4935 125 24 disparate.
1095 4937 36 20 Au
1147 4937 80 21 milieu
1242 4937 30 21 de

682 4959 25 21 la
720 4958 71 26 table,
807 4959 17 20 il
838 4963 17 21 y
866 4961 65 20 avait
945 4965 33 17 un
993 4963 76 23 grand
1083 4967 41 17 sac
1137 4964 31 21 de
1182 4967 80 18 creton-

684 4990 30 17 ne
729 4985 80 25 glacée
824 4985 18 21 à
858 4986 59 22 fond
932 4988 51 24 plat
1003 4989 24 20 et
1044 4990 60 21 dans
1121 4994 27 17 ce
1165 4995 46 19 sac,
1227 4995 46 17 une

684 5013 121 25 profusion
825 5012 31 22 de
876 5013 100 22 chatons
993 5015 29 21 d»
1045 5016 65 21 saule
1132 5017 88 22 cueillis
1241 5021 32 18 en

682 5040 68 26 forêt.
783 5040 48 21 Des
859 5040 125 26 Jonquilles
1014 5042 89 22 étalent
1133 5044 141 21 entrelacées

682 5071 57 18 avec
758 5071 35 17 un
810 5066 78 22 ruban
905 5068 39 25 qui
963 5069 98 22 formait
1079 5070 24 21 le
1120 5074 58 18 nom
1198 5071 32 22 de
1248 5071 24 21 la

682 5093 181 22 communiante.
878 5094 35 21 La
929 5096 120 23 garniture
1061 5097 31 21 de
1106 5098 64 21 table
1184 5099 89 20 n'avait

682 5126 44 21 pas
740 5120 69 22 coûté
822 5121 13 21 5
850 5120 80 23 francs
941 5122 25 21 et
980 5122 35 22 les
1029 5127 82 19 menus
1126 5125 95 22 avaient
1234 5125 39 22 été

683 5148 70 21 écrits
770 5152 44 21 par
831 5147 23 22 le
872 5147 54 26 plus
940 5149 73 25 Jeune
1029 5150 84 23 enfant
1129 5151 31 23 de
1174 5152 25 22 la
1215 5153 48 21 mai-

682 5178 44 19 son
744 5179 42 17 sur
805 5179 45 17 son
868 5179 85 21 propre
967 5177 83 25 papier
1068 5177 16 22 à
1102 5178 82 23 lettres
1211 5180 61 21 Pour

682 5201 61 23 faire
764 5202 55 24 plus
840 5202 107 27 original,
968 5207 33 17 on
1018 5205 65 21 avait
1103 5205 76 22 même
1185 5198 6 6 '
1202 5206 69 21 laissé

682 5228 35 23 les
738 5229 81 21 fautes
840 5228 181 27 d'orthographe
1039 5232 26 21 et
1087 5232 24 21 la
1132 5232 140 26 disposition

684 5256 135 21 fantaisiste
836 5254 71 23 d'une
927 5257 67 24 caple
1012 5257 106 23 d'enfant
1145 5259 84 22 C'était
1237 5264 37 16 ra-

683 5282 109 22 TlSMBtl

1443 3044 51 24 Les
1508 3044 74 24 soins
1597 3043 32 24 de
1643 3043 26 24 la
1683 3049 69 24 peau

1326 3089 61 20 Pour
1401 3088 22 20 la
1438 3092 94 20 gerçure
1545 3087 41 21 des
1599 3086 83 22 malr.s.
1696 3085 127 21 frottez-les
1837 3089 53 17 avec

1301 3117 57 20 trois
1373 3117 87 24 parties
1475 3116 67 20 d'eau
1557 3118 25 18 et
1597 3120 47 16 une
1658 3115 30 22 de
1703 3114 121 24 glycérine.

1327 3194 26 21 Si
1375 3198 58 16 vous
1456 3198 55 16 avez
1533 3193 132 24 l'épiderme
1689 3191 106 25 sensible,
1820 3191 71 20 lavez-

1300 3227 57 19 vous
1372 3222 106 24 toujours
1494 3221 15 21 à
1525 3221 60 21 l'eau
1600 3220 98 22 chaude.

1443 3263 51 25 Les
1511 3263 93 29 ongles
1620 3264 124 23 cassants

1323 3307 26 20 Si
1367 3311 41 16 vos
1426 3306 80 25 ongles
1523 3307 53 20 sont
1595 3307 113 22 cassants,
1727 3304 162 22 recouvrez-les

1299 3335 30 20 de
1348 3334 108 23 vaseline.

1474 3375 99 25 Contre
1591 3375 39 26 les
1648 3375 73 25 rides

1323 3418 152 21 Voulez-vous
1495 3418 74 21 éviter
1589 3418 35 21 les
1644 3418 63 22 rides
1730 3419 11 20 ?
1764 3419 126 20 Humectez

1298 3446 90 25 chaque
1402 3448 47 21 soir
1462 3447 34 20 les
1509 3447 89 24 parties
1610 3446 112 23 délicates
1736 3447 29 22 de
1779 3448 65 19 votre
1858 3446 22 21 vi-

1299 3478 55 21 sage
1369 3479 6 17 :
1389 3475 96 24 tempes,
1497 3476 54 19 tour
1562 3474 42 21 des
1615 3479 67 21 yeux,
1694 3476 54 20 tour
1759 3475 29 21 de
1801 3475 23 20 la
1837 3474 44 21 bou-

1299 3503 50 23 che,
1365 3507 56 16 avec
1435 3507 35 16 un
1484 3502 107 25 mélange
1606 3502 29 21 de
1650 3502 69 21 blanc
1734 3503 74 20 d'œuf
1823 3502 67 21 battu

1297 3535 24 20 et
1338 3530 87 21 d'huile
1442 3530 90 22 d'olive.

1399 3572 36 24 Le
1454 3572 59 25 soin
1534 3572 47 25 des
1600 3572 119 25 cheveux
1738 3572 51 25 fins

1320 3616 45 24 Les
1381 3615 102 21 cheveux
1499 3615 48 21 fins
1563 3615 143 23 demandent
1724 3616 119 25 beaucoup
1858 3615 29 21 de

1297 3644 63 22 soins
1373 3645 25 20 et
1411 3643 22 21 le
1447 3643 46 21 fait
1506 3643 31 23 de
1549 3643 35 24 les
1597 3644 83 20 rendre
1694 3643 53 25 plus
1760 3644 130 20 maniables

1296 3672 58 20 vaut
1372 3671 56 21 bien
1446 3676 34 16 un
1499 3671 71 22 effort
1587 3671 204 25 supplémentaire.

1322 3705 23 21 n
1359 3705 54 21 faut
1429 3705 91 21 donner
1535 3705 16 22 â
1567 3710 26 19 ce
1609 3710 71 21 genre
1695 3706 30 23 de
1741 3706 103 21 cheveux
1859 3706 29 21 de

1297 3733 121 25 fréquents
1436 3733 69 23 bains
1522 3733 86 22 d'huile
1628 3734 98 25 chaude,
1743 3735 73 20 suivis
1834 3735 56 20 d'un

1295 3762 48 20 bon
1356 3762 161 25 shampooing.
1532 3762 51 21 Une
1596 3762 59 22 mise
1668 3767 32 18 en
1712 3762 34 26 pU
1759 3763 120 25 quotidien-

1296 3794 30 16 ne
1342 3789 87 21 rendra
1444 3789 35 23 les
1494 3790 103 21 cheveux
1612 3790 31 23 de
1659 3790 56 21 bébé
1730 3790 54 26 plus
1799 3791 80 20 mania-

1295 3817 56 23 bles,
1370 3818 22 21 n
1409 3818 54 20 faut
1481 3817 34 23 les
1533 3818 91 21 brosser
1640 3821 99 20 souvent
1757 3820 25 20 et
1800 3823 88 16 masser

1295 3845 22 22 le
1333 3846 51 21 cuir
1400 3846 104 24 chevelu.

1320 3880 63 21 Pour
1400 3880 91 20 donner
1509 3885 46 16 aux
1574 3880 103 21 cheveux
1694 3880 147 26 l'apparence
1859 3880 30 21 de

1295 3907 93 22 boucler
1407 3908 189 27 naturellement,
1618 3909 86 20 mettez
1723 3909 42 21 des
1784 3908 105 26 bigoudis

1294 3936 31 21 de
1341 3936 66 21 tissu.
1423 3935 74 26 Après
1513 3936 66 21 avoir
1595 3936 78 22 brossé
1689 3937 35 21 les
1740 3937 110 24 cheveux,
1866 3937 22 21 le

1295 3964 53 24 soir,
1360 3963 129 23 divisez-les
1501 3969 32 18 en
1544 3964 100 24 mèches,
1657 3969 46 21 que
1715 3969 58 18 vous
1784 3965 97 21 enroule-

1294 3996 39 17 rez
1348 3996 42 19 sur
1406 3992 42 21 des
1465 3992 106 25 bigoudis
1586 3996 25 21 et
1627 3992 109 24 fixez-les.
1755 3994 35 20 Ne
1807 3993 72 21 mouil-

1295 4019 35 21 lez
1348 4024 44 21 pas
1411 4020 35 23 les
1465 4020 95 22 mèches
1579 4022 73 20 avant
1672 4021 29 22 de
1721 4021 33 21 les
1774 4021 114 24 enrouler,

1295 4048 69 21 sinon
1382 4052 42 17 vos
1442 4048 103 21 cheveux
1564 4048 119 23 friseront.

1319 4082 34 23 Le
1372 4082 84 25 matin,
1477 4082 52 22 ôtez
1548 4082 35 22 les
1603 4083 111 25 bigoudis,
1736 4084 90 21 brossez
1847 4087 40 17 vos

1294 4110 104 27 cheveu^
1413 4110 143 25 légèrement
1571 4112 26 21 et
1612 4111 138 25 peignez-les
1765 4116 32 17 en
1812 4111 73 26 place.

1320 4145 69 21 Cette
1405 4145 111 24 méthode
1534 4145 30 23 de
1580 4150 26 18 se
1624 4146 93 23 boucler
1733 4146 35 22 les
1784 4146 103 21 cheveux

1294 4174 58 24 peut
1366 4173 50 22 être
1431 4174 52 21 tout
1499 4173 64 21 aussi
1578 4173 54 21 bien
1647 4174 118 25 employée
1780 4179 60 20 pour
1854 4174 34 21 les

1293 4201 98 21 enfants
1407 4206 44 20 que
1468 4206 60 20 pour
1543 4201 35 21 les
1594 4202 100 24 grandes
1710 4206 134 21 personnes.

1432 4242 39 25 La
1490 4242 97 25 beauté
1606 4243 36 25 du
1661 4244 93 30 visage

1321 4285 27 21 Si
1363 4290 58 16 vous
1437 4290 56 16 avez
1508 4285 42 21 des
1566 4286 78 25 points
1660 4287 72 27 noirs,
1749 4287 86 21 frottez
1851 4291 29 17 vo-

1295 4313 37 20 tre
1344 4313 80 24 visage
1437 4318 56 16 avec
1507 4314 32 20 du
1552 4318 74 16 savon
1640 4318 46 17 aux
1698 4319 115 17 amanaes
1828 4319 60 16 ame-

1294 4344 44 17 res.
1356 4340 92 20 Laissez
1465 4340 88 24 sécher,
1570 4340 53 25 puis
1639 4340 76 22 raclez
1732 4342 23 22 le
1771 4346 75 16 savon
1862 4342 25 22 et

1295 4368 116 22 lotionnez
1424 4368 15 20 à
1452 4368 61 21 l'eau
1527 4368 93 21 bouillie
1633 4370 130 20 contenant
1776 4374 47 16 une
1836 4370 43 24 pin-

1295 4395 40 22 cée
1349 4395 82 21 d'alun
1444 4400 60 20 pour
1518 4400 34 16 un
1568 4400 65 17 verre
1648 4397 73 23 d'eau.

1578 4450 10 10 .
1599 4448 10 12 *

1321 4466 44 20 Les
1386 4469 76 21 peaux
1483 4470 91 20 grasses
1595 4466 144 22 demandent
1761 4471 34 17 un
1815 4470 73 18 savon

1295 4493 73 24 acide.
1385 4493 40 21 On
1439 4497 104 18 savonne
1558 4493 22 21 le
1597 4494 77 24 visage
1690 4499 56 16 avec
1762 4495 33 21 les
1811 4494 76 24 doigts

1295 4525 33 17 en
1340 4521 91 21 faisant
1443 4525 47 16 une
1504 4520 62 22 sorte
1579 4521 30 21 de
1622 4526 107 21 massage
1741 4524 25 20 et
1779 4527 33 16 on
1823 4522 65 21 rince

1295 4549 17 21 à
1322 4549 63 22 l'eau
1396 4548 91 22 chaude
1500 4553 56 17 avec
1569 4554 46 18 une
1628 4550 85 21 brosse.
1728 4551 69 23 Cette
1808 4549 70 27 opéra-

1296 4577 52 21 tion
1360 4576 50 21 doit
1423 4584 25 16 se
1461 4577 61 21 faire
1535 4577 22 21 le
1570 4578 54 22 soir.
1639 4579 34 20 Ne
1685 4578 51 22 rien
1749 4579 86 21 mettre
1847 4582 41 17 sur

1295 4605 22 22 le
1338 4605 79 24 visage
1437 4609 60 21 pour
1517 4605 25 21 la
1562 4606 60 23 nuit.
1645 4607 32 20 Le
1698 4607 83 23 matin,
1803 4606 76 22 rafraî-

1295 4633 88 21 chissez
1404 4632 130 25 l'épiderme
1555 4633 15 21 à
1591 4634 59 21 l'eau
1670 4634 29 21 de
1720 4639 68 19 roses.
1809 4634 69 25 Appli-

1295 4666 59 20 quez
1367 4662 91 21 ensuite
1473 4665 48 18 une
1536 4661 75 21 crème
1627 4662 103 24 végétale
1746 4667 48 16 non
1810 4666 77 21 grasse

1296 4694 30 16 ou
1341 4694 34 16 un
1391 4689 42 20 lait
1449 4689 29 20 de
1494 4689 91 22 beauté.

1437 4730 98 25 Contre
1549 4731 41 25 les
1604 4731 140 30 pellicules

1321 4774 62 21 Pour
1396 4774 102 21 détruire
1512 4774 34 24 les
1559 4774 123 25 pellicules,
1696 4775 19 21 il
1727 4776 54 21 faut
1795 4781 25 17 se
1833 4779 44 19 sau-

1296 4802 101 25 poudrer
1414 4802 24 20 la
1458 4801 48 22 tête
1525 4807 55 16 avec
1599 4802 32 22 du
1651 4803 34 21 sel
1703 4803 42 26 fin,
1765 4804 22 21 le
1806 4804 81 21 laisser

1296 4831 25 19 24
1338 4830 89 23 heures,
1443 4830 52 25 puis
1511 4830 90 21 brosser
1616 4831 34 21 les
1665 4830 110 24 cheveux.

1462 4871 41 25 Un
1523 4871 51 25 bon
1592 4872 129 25 maintien

1324 4913 80 21 Défiez
1427 4913 21 21 le
1472 4915 84 27 ten-ps.
1581 4915 81 20 Portez
1685 4915 24 21 la
1734 4915 48 22 tête
1805 4915 80 21 haute.

1297 4941 183 24 Imaginez-vous
1496 4946 45 20 que
1558 4946 56 17 vous
1630 4944 80 24 portez
1726 4948 33 16 un
1776 4943 59 21 haut
1852 4942 37 22 col

1298 4970 24 19 et
1341 4973 44 21 que
1404 4969 22 23 le
1444 4969 52 21 côté
1515 4970 128 25 postérieur
1661 4971 30 23 de
1711 4973 64 19 votre
1793 4976 44 17 cou
1855 4971 34 24 s'y

1298 5001 86 23 repose,
1402 4997 60 21 mais
1479 5002 45 20 que
1541 5003 40 17 vos
1599 4999 90 22 oreilles
1707 5004 30 16 ne
1754 5000 102 25 peuvent
1873 5003 16 20 y

1298 5025 103 21 toucher.
1425 5026 98 24 Essayez
1545 5026 31 22 de
1599 5027 128 21 maintenir
1750 5028 66 22 votre
1838 5027 49 22 tête

1295 5054 60 20 dans
1376 5055 61 23 cette
1458 5055 108 24 position.
1590 5056 61 20 Vous
1674 5061 56 17 vous
1751 5060 135 22 apercevrez

1295 5082 90 21 bientôt
1403 5087 45 20 que
1466 5083 21 21 si
1507 5088 57 16 vous
1583 5088 57 18 vous
1658 5085 98 21 efforcez
1774 5086 31 22 de
1823 5084 63 22 tenir

1295 5110 26 21 la
1333 5110 49 21 tête
1395 5111 79 23 haute,
1488 5116 41 16 vos
1541 5112 94 25 épaules
1648 5115 24 20 et
1686 5114 65 21 votre
1763 5114 43 21 dos
1818 5118 59 21 pren-

1295 5138 71 23 dront
1387 5139 164 24 d'eux-mêmes
1572 5145 47 17 une
1641 5142 76 22 bonne
1739 5143 102 25 position
1861 5143 24 20 et

1297 5171 56 17 vous
1365 5171 70 18 aurez
1447 5168 31 23 de
1489 5168 26 21 la
1528 5169 113 21 difficulté
1655 5170 15 21 à
1683 5176 31 16 en
1728 5171 98 26 adopter
1839 5175 46 19 une

1304 5196 74 23 autre.
1403 5196 44 22 Les
1470 5196 95 23 doubles
1588 5199 116 26 mentons,
1729 5199 35 22 les
1788 5200 97 25 épaules

1295 5224 139 25 tombantes,
1455 5225 35 21 les
1510 5226 113 24 poitrines
1643 5227 120 24 affaissées
1784 5228 100 25 peuvent

1296 5252 50 21 être
1359 5252 72 23 évités
1444 5258 31 16 en
1489 5252 90 23 faisant
1593 5255 118 22 attention
1724 5256 16 22 k
1752 5261 44 17 son
1811 5256 63 21 main-

1296 5282 55 22 tien.

2001 2863 178 73 Autour
2203 2862 55 71 de
2295 2861 43 71 la
2366 2859 134 72 mode

1994 3010 72 20 PLUS
2093 3011 36 20 DE
2156 3011 138 21 HANCHES
2323 3013 111 21 MINCES

1946 3043 20 20 Il
1991 3044 60 21 n'est
2077 3044 53 24 plus
2155 3046 30 20 de
2204 3045 107 21 hanches
2336 3047 89 20 minces
2449 3047 61 21 dans

1916 3070 24 20 la
1963 3071 107 21 nouvelle
2094 3072 74 23 mode.
2192 3073 35 22 Ne
2250 3077 80 20 croyez
2352 3078 43 20 pas
2428 3078 72 21 cepen-

1915 3097 60 21 dant
1992 3097 16 21 à
2025 3103 34 15 un
2076 3100 79 19 retour
2171 3099 30 21 de
2219 3100 23 20 la
2260 3101 112 21 tournure
2392 3106 31 16 ou
2440 3101 30 21 de
2488 3102 23 20 la

1916 3124 113 22 crinoline
2041 3132 5 14 :
2071 3126 57 20 c'est
2148 3131 44 19 par
2214 3127 40 20 des
2272 3127 93 27 poches,
2387 3128 41 21 des
2459 3128 43 21 bas-

1916 3156 62 21 ques,
2001 3152 22 21 le
2044 3153 98 26 volume,
2163 3153 22 23 le
2207 3154 72 24 drapé
2299 3154 77 22 même
2397 3155 32 21 du
2451 3156 60 20 tissu

1916 3183 44 19 que
1982 3179 22 20 le
2026 3181 118 20 couturier
2168 3180 75 22 étoffe
2266 3181 33 21 les
2322 3181 113 25 hanches,
2456 3183 45 20 affi-

1915 3206 61 20 nant
1995 3206 33 21 du
2048 3206 77 21 même
2145 3212 59 20 coup
2226 3208 24 20 la
2270 3208 72 23 taille.
2360 3210 43 20 Les
2424 3210 87 24 poches

1915 3234 53 19 sont
1989 3233 70 21 d'une
2080 3233 109 22 diversité
2210 3234 131 25 étonnante
2365 3243 7 14 :
2395 3237 116 26 pointues,

1916 3259 97 27 carrées,
2036 3260 92 24 rondes,
2149 3261 113 27 froncées,
2286 3262 15 20 à
2324 3262 116 24 soufflets,
2460 3263 43 21 bro-

1915 3285 61 27 dées,
2000 3287 131 26 coulissées,
2154 3289 54 20 tour
2232 3288 16 21 à
2270 3290 53 19 tour
2346 3290 101 23 bourses,
2470 3295 40 16 sac

1916 3318 12 14 «
1952 3313 66 21 fonte
2041 3319 19 21 »,
2083 3314 56 26 étui,
2159 3315 70 21 faites
2253 3316 88 24 parfois
2364 3316 58 22 d'un
2443 3318 67 20 autre

1916 3340 58 20 tissu
1997 3345 44 20 que
2063 3341 23 20 la
2108 3342 60 20 robe.
2190 3343 32 20 Le
2241 3343 77 20 moins
2340 3345 70 23 qu'on
2431 3344 79 25 puisse

1915 3371 29 16 en
1961 3367 51 21 dire
2029 3369 57 19 c'est
2105 3373 44 20 que
2167 3369 78 21 toutes
2263 3371 54 19 sont
2338 3370 172 22 volumineuses

1917 3394 23 20 et
1955 3393 152 25 décoratives.

1940 3421 44 20 Les
1999 3422 68 23 jupes
2083 3422 105 21 froncées
2203 3423 23 21 et
2241 3423 74 21 fixées
2330 3424 135 21 au-dessous
2479 3426 31 20 de

1915 3446 23 21 la
1958 3447 95 22 hanche
2073 3448 15 21 à
2112 3453 33 16 un
2166 3449 168 25 empiècement
2355 3455 31 16 ou
2415 3455 30 16 au
2467 3451 42 21 bas

1914 3474 57 21 d'un
1989 3479 95 21 corsage
2104 3475 102 22 étoffent
2227 3476 33 21 les
2277 3476 113 24 hanches.

2116 3509 199 21 L'APRES.MIDI

1940 3540 166 27 L'après-midi,
2127 3543 128 20 manteaux
2274 3543 91 24 ajustés
2384 3548 31 16 en
2435 3543 64 21 laina-

1914 3571 28 20 ge
1961 3568 25 19 et
2006 3568 68 20 robes
2094 3568 134 25 imprimées
2250 3571 136 23 composent
2406 3570 41 21 des
2467 3575 31 16 en-

1913 3594 100 21 sembles
2034 3599 45 20 que
2098 3600 57 16 vous
2172 3597 105 23 porterez
2297 3596 132 25 également
2450 3601 60 20 pour

1914 3620 34 21 les
1965 3620 149 25 cérémonies.

2048 3654 34 21 LE
2102 3655 85 21 TISSU
2210 3656 17 20 A
2249 3656 35 20 LA
2306 3656 84 21 MODE

1942 3688 38 20 Un
2001 3688 59 20 tissu
2083 3689 38 24 qui
2144 3689 90 24 n'exige
2256 3694 92 16 aucune
2365 3690 120 24 garniture
2496 3691 11 19 ?

1912 3714 32 20 Le
1958 3714 74 21 surah
2045 3715 117 21 finement
2176 3715 120 25 quadrillé.
2311 3717 39 20 On
2361 3721 31 17 en
2405 3716 46 22 fait
2465 3721 44 20 par

1913 3745 38 17 c:s
1970 3744 77 22 temps
2063 3742 30 20 de
2111 3743 125 23 simplicité
2257 3743 164 21 d'honorables
2440 3744 68 20 robes

1913 3768 29 20 de
1962 3769 52 24 cinq
2034 3768 92 24 heures.
2147 3770 33 20 La
2200 3774 73 20 coupe
2292 3770 106 21 donnera
2414 3771 52 20 tout
2486 3771 21 20 le

1913 3794 52 21 chic
1987 3803 6 16 :
2015 3800 96 20 corsage
2129 3796 85 26 ajusté,
2232 3797 114 21 manches
2363 3798 92 20 courtes
2473 3802 27 16 re-

1912 3822 74 23 prises
2002 3826 42 17 sur
2060 3822 22 21 le
2099 3822 61 28 bras,
2177 3823 72 24 petits
2266 3828 78 16 revers
2363 3824 82 27 droits,
2460 3825 37 20 sui-

1912 3848 36 21 vis
1967 3849 56 20 d'un
2044 3849 149 25 boutonnage
2215 3850 51 20 tout
2284 3850 31 21 du
2338 3851 55 24 long
2414 3851 93 25 jusqu'à

1913 3875 23 20 la
1958 3876 71 25 taille,
2051 3876 57 24 jupe
2129 3877 108 20 donnant
2259 3881 34 16 un
2313 3881 45 20 peu
2379 3877 31 21 de
2431 3878 76 24 godet.

1913 3902 46 21 Des
1983 3904 78 22 pattes
2083 3903 119 24 d'épaules
2223 3903 130 22 incrustées
2378 3904 129 25 élargiront

1914 3933 56 17 sans
1986 3929 150 25 exagération
2151 3930 22 21 le
2189 3930 59 21 haut
2263 3930 32 21 du
2310 3931 74 23 buste.

2006 3962 160 22 CHAPEAUX
2186 3963 37 20 DE
2242 3963 171 21 PRINTEMPS

1938 3994 63 21 Nous
2018 3996 122 23 porterons
2156 4000 57 17 avec
2229 3996 82 24 plaisir
2328 3996 41 21 des
2385 3996 122 26 chapeaux

1911 4021 30 21 de
1959 4021 71 24 paille
2046 4021 48 22 très
2107 4022 150 26 printaniers,
2274 4022 59 22 dont
2349 4023 24 21 la
2386 4023 120 25 garniture

1913 4048 35 20 est
1969 4053 47 16 une
2037 4048 100 25 écharpe
2157 4049 122 24 imprimée
2300 4049 144 25 détachable.
2467 4050 29 20 Di-

1913 4079 56 16 sons
1990 4075 78 24 plutôt
2094 4082 7 15 :
2124 4076 121 25 amovible,
2268 4080 59 20 pour
2349 4076 74 21 éviter
2454 4077 52 20 tout

1913 4101 58 21 faux
1992 4106 75 18 sens...
2089 4102 29 21 Et
2139 4102 81 22 disons
2241 4102 76 22 même
2341 4110 7 14 :
2368 4108 13 15 «
2401 4102 60 21 dont
2482 4103 24 20 la

1913 4129 122 23 garniture
2056 4134 53 16 sera
2130 4134 14 16 c
2169 4129 42 21 des
2232 4129 114 25 écharpes
2368 4134 20 18 ».
2410 4130 34 21 Ce
2466 4130 39 25 qui

1912 4155 95 25 signifie
2026 4156 70 24 qu'on
2116 4160 30 17 en
2165 4160 58 16 aura
2243 4158 85 19 autant
2345 4161 44 20 que
2408 4156 42 21 des
2469 4161 27 16 ro-

1911 4181 41 21 bes
1970 4182 132 24 imprimées
2129 4183 105 20 chacune
2249 4183 59 21 faite
2325 4183 60 21 dans
2404 4183 22 21 le
2445 4183 60 21 tissu

1911 4208 31 21 ad
1956 4208 52 27 hoc,
2023 4213 59 20 pour
2096 4209 204 21 l'harmonisation
2313 4209 32 21 du
2359 4209 77 22 même
2450 4209 46 22 cha-

1911 4239 66 20 peau,
1997 4235 90 26 chaque
2101 4236 46 21 fois
2164 4240 56 17 avec
2237 4240 47 17 une
2300 4236 56 21 robe
2370 4236 133 22 différente.

2681 1502 113 21 PRENEZ
2834 1500 158 21 DIMANCHE

2677 1535 96 22 NOTES
2797 1535 38 21 DU
2859 1533 135 22 CENSEUR

2564 1571 25 20 16
2606 1570 25 22 h.
2649 1570 26 20 30
2696 1576 5 14 :
2720 1568 152 21 Radio-Paris
2893 1576 7 15 :
2917 1567 34 20 La
2968 1571 52 16 rose
3034 1566 29 21 de
3081 1570 41 20 sep-

2539 1597 97 24 tembre,
2661 1600 43 20 par
2729 1596 100 24 Jacques
2855 1594 73 21 Deval
2957 1593 133 22 (réserves).

2562 1625 24 20 19
2599 1624 23 20 h.
2636 1624 26 20 30
2678 1630 6 14 :
2699 1622 152 21 Radio-Paris
2870 1627 6 17 :
2892 1621 113 21 Chanson
3017 1620 113 25 d'amour,

2536 1649 195 23 Schubert-Berté
2759 1649 131 21 (auditeurs
2910 1647 108 23 formés).

2562 1679 26 20 20
2604 1678 24 22 h.
2644 1678 25 20 30
2689 1685 6 14 :
2715 1677 66 20 Paris
2790 1677 25 25 P.
2832 1676 27 23 T.
2875 1676 27 22 T.
2922 1682 6 14 :
2947 1674 88 21 Olivier
3053 1674 69 20 Iwist

2537 1706 28 20 de
2584 1705 101 20 Dickens
2707 1707 69 22 (pour
2797 1704 72 20 tous).

2563 1737 175 22 BRUXELLES
2765 1737 125 22 (Emission
2917 1735 126 23 française)
3072 1735 57 24 «83,9

2563 1773 12 19 6
2594 1772 17 20 h
2636 1772 28 20 30
2683 1773 22 19 et
2725 1771 13 20 8
2756 1770 24 23 h.
2800 1778 5 13 :
2826 1770 106 24 Disques.
2950 1777 29 6 —
2995 1768 14 20 8
3026 1767 25 24 h.
3073 1768 26 20 25
3121 1773 7 15 :

2535 1799 99 22 Journal
2654 1797 65 26 parlé
2746 1808 27 4 —
2793 1797 13 21 8
2826 1797 24 23 h.
2871 1797 26 20 50
2920 1803 5 14 :
2949 1794 182 25 Communiqués

2535 1825 180 25 colombophiles
2740 1835 27 4 —
2784 1825 13 20 9
2812 1824 23 20 h.
2857 1831 6 14 :
2886 1823 99 24 Disques
3003 1820 128 22 demandés

2536 1858 43 20 par
2600 1853 34 20 les
2654 1852 126 21 auditeurs.
2799 1861 28 5 —
2844 1851 25 20 10
2896 1850 24 23 h.
2945 1856 6 15 :
2974 1848 98 21 L'heure
3100 1848 30 20 de

2535 1880 56 21 chez
2606 1884 67 18 nous.
2690 1889 26 4 —
2730 1879 23 19 11
2770 1878 25 23 h.
2815 1885 5 14 :
2839 1878 100 20 Concert
2955 1875 77 22 donné
3047 1880 44 20 par
3107 1875 22 20 la

2536 1907 100 21 Chorale
2653 1911 13 14 <t
2681 1905 33 22 ta
2727 1904 88 26 Royal»!
2830 1905 98 23 Lyrioue
2943 1909 19 17 ».
2978 1903 29 20 de
3021 1903 34 20 La
3069 1903 61 19 Bou-

2535 1934 68 21 verie.
2617 1944 28 4 —
2657 1933 24 20 11
2694 1932 25 26 h.
2735 1932 24 20 15
2778 1941 5 14 :
2800 1932 53 20 Une
2866 1930 145 22 demi-heure
3026 1928 15 22 à
3055 1928 66 25 l'Opé-

2535 1965 27 16 ra
2582 1968 6 14 :
2607 1953 145 28 L'Africaine
2770 1958 164 25 (Meyerbeer).
2950 1967 27 5 —
2994 1957 23 20 11
3034 1956 24 20 h.
3074 1957 27 19 45
3121 1962 6 15 :

2535 1987 91 21 Récital
2645 1992 30 16 ce
2694 1987 71 24 piano
2789 1996 27 5 —
2835 1986 25 20 12
2882 1985 24 22 h.
2929 1990 6 15 :
2957 1985 60 19 Avec
3036 1983 34 20 les
3089 1982 32 21 nô-

2536 2017 47 18 tres
2603 2015 39 24 qui
2662 2015 55 19 sont
2735 2012 96 23 soldats.
2847 2023 28 4 —
2893 2012 27 20 12
2939 2011 24 20 h.
2983 2011 26 20 15
3032 2017 5 14 :
3060 2009 71 25 Quel-
3139 2016 3 14 1
3153 2009 109 20 inconnu.
3279 2018 28 5 —
3318 2008 27 20 13
3359 2007 18 20 h

2535 2047 56 19 ques
2610 2041 105 21 vedettes
2733 2040 30 22 de
2782 2040 95 20 cabaret
2897 2039 24 20 et
2939 2038 30 20 de
2989 2036 140 22 music-hall.
3138 2032 4 33 |
3153 2036 70 22 niers.
3237 2046 27 3 —
3280 2035 25 20 18
3319 2034 24 22 h.
3362 2041 5 14 :
3385 2034 62 20 Pour
3461 2038 43 15 nos
3519 2033 78 24 petits.

2585 2070 6 5 .
2597 2070 11 11 ,,
2631 2068 16 15 y^
2682 2068 25 8 nn
2763 2067 25 8 n.
2791 2066 73 9 .,,_»:_
2917 2063 17 7 **
2941 2064 7 5 *
2991 2063 8 7 »
3031 2063 7 7 '
3076 2067 4 3 ■
3106 2065 22 10 n,
3139 2067 3 8 i
3152 2067 37 8 ,u
3208 2063 23 12 1^
3251 2069 6 5 .
3280 2062 74 13 Oll.rt
3374 2061 13 14 H
3391 2061 21 14 *V,
3415 2065 12 10 f>
3429 2066 4 9 1
3437 2065 18 10 lr
3457 2065 12 10 „
3487 2060 30 15 Hll
3536 2064 64 11 rtPTTn

3153 633 28 5 —
3199 623 24 20 15
3241 622 23 20 h.
3281 622 27 21 30
3329 628 6 15 :
3355 621 101 21 Cabaret
3471 621 95 21 concert
3581 620 34 23 du
3631 621 49 25 Coq
3695 620 46 22 wal-

3154 650 47 23 lon.
3215 659 29 5 —
3261 649 26 21 16
3303 649 25 25 h.
3353 657 6 15 :
3379 649 108 24 Musique
3505 647 83 26 légère.
3605 659 29 5 —
3650 648 26 21 16
3693 647 48 23 heu-

3153 681 38 17 res
3209 677 27 20 30
3254 681 6 16 :
3279 676 109 24 Musique
3404 675 84 23 variée.

3184 709 170 22 OTTOMONT
3379 709 60 23 (200)

3180 744 28 21 14
3226 743 25 23 h.
3271 743 27 21 30
3321 749 7 15 :
3351 742 99 25 Disques
3470 740 135 23 demandés.

3183 775 265 24 RADIO-ARDENNES
3468 776 81 27 (267,8)

3180 813 13 19 7
3209 811 26 23 h.
3252 811 25 21 et
3294 811 25 20 17
3338 809 26 24 h.
3384 819 8 15 :
3411 809 101 22 Concert
3524 808 73 24 varié.

3181 843 195 23 RADIO-PARIS
3398 844 90 25 (1.648,4
3506 843 42 23 m.)

3180 879 13 20 7
3210 879 23 20 h.
3250 879 27 20 45
3296 883 7 18 :
3322 878 152 24 Programme
3490 875 71 25 varié.
3579 887 26 4 —
3623 876 13 20 8
3652 875 23 21 h.
3693 876 26 20 25
3739 882 9 17 :

3153 907 44 20 Les
3217 905 103 25 dragons
3338 903 193 26 processionnels,
3551 907 45 21 par
3610 902 72 21 Louis
3702 902 52 22 Do-

3155 935 73 19 mont.
3248 943 28 4 —
3297 932 14 21 9
3331 931 25 24 h.
3380 938 7 15 :
3410 931 62 21 Pour
3491 930 25 21 la
3535 930 110 25 jeunesse
3668 935 7 18 :
3698 930 53 20 Une

3140 969 3 11 :
3153 961 65 20 toute
3238 960 74 24 petite
3330 958 45 27 fée,
3394 958 31 21 de
3441 957 141 21 Louis-Jean
3599 957 106 24 Lespine.
3722 966 31 7 —

3140 983 4 24 I
3153 988 13 20 9
3180 987 25 23 h.
3217 987 27 20 30
3261 993 6 15 :
3283 986 117 21 Emission
3413 984 148 25 dramatique
3574 988 46 21 par
3632 983 36 21 les
3674 982 79 23 Théa-

3140 1005 4 30 !
3154 1015 49 20 très
3222 1014 32 21 du
3274 1012 87 24 Cartel.
3381 1021 28 8 —
3426 1011 28 23 10
3471 1010 26 23 h.
3517 1010 29 23 46
3566 1017 9 17 :
3596 1010 109 24 Concert.
3722 1020 31 7 —

3140 1038 4 15 ;
3155 1042 25 20 12
3198 1040 25 24 h.
3248 1047 6 15 :
3278 1039 112 22 Causerie
3410 1038 140 26 catholique,
3570 1042 45 21 par
3634 1037 24 22 le
3675 1037 31 24 E.
3723 1037 26 24 P.

3154 1068 74 21 Dieu::
3246 1074 6 14 :
3266 1068 32 20 Le
3312 1067 121 24 Royaume
3445 1066 31 21 de
3489 1065 24 21 la
3526 1065 71 22 Mort.
3612 1075 30 5 —
3654 1065 27 21 12
3692 1064 50 21 heu-

3155 1099 37 16 res
3212 1095 26 20 45
3261 1101 5 14 :
3286 1094 124 25 Quintette
3428 1092 16 22 à
3461 1093 58 21 vent
3537 1092 31 22 de
3585 1091 74 25 Paris.
3677 1101 30 6 —
3724 1091 29 23 U

3140 1133 4 17 ,
3155 1122 85 20 heures
3263 1128 6 14 :
3289 1121 71 21 Billet
3378 1120 30 22 de
3426 1119 111 22 Londres.
3557 1129 30 6 —
3604 1119 28 21 14
3648 1123 26 19 n.
3692 1118 28 22 10
3741 1124 9 17 :

3140 1153 4 24 I
3154 1149 92 20 Soliste.
3260 1159 26 5 —
3302 1148 26 21 14
3342 1147 25 26 h.
3383 1147 27 21 20
3429 1154 6 14 :
3453 1147 66 20 Paris
3534 1150 33 17 en
3581 1150 84 22 guerre
3678 1148 75 19 ouvra

3153 1180 33 16 un
3200 1179 107 17 nouveau
3324 1174 86 23 musée.
3427 1184 28 5 —
3470 1174 26 20 14
3511 1173 25 24 h.
3552 1173 27 22 30
3600 1179 7 16 :
3626 1172 124 21 Ensemble

3153 1207 31 17 ae
3199 1203 110 24 guitares.
3324 1213 28 4 —
3370 1202 23 19 15
3411 1201 22 23 h.
3456 1211 5 4 •
3481 1201 95 21 Bonnes
3590 1199 112 22 histoires
3717 1198 35 23 du

3153 1229 66 21 front
3239 1230 24 20 et
3283 1229 30 22 de
3332 1227 110 27 l'arrière,
3458 1232 45 20 par
3521 1227 32 24 G.
3575 1227 82 25 Derys.
3674 1235 32 8 —
3723 1226 28 22 15

3155 1256 85 21 heures
3262 1256 25 21 15
3312 1260 6 17 :
3341 1256 33 20 La
3393 1254 102 22 Chorale
3514 1254 32 21 de
3566 1254 25 21 la
3610 1252 143 23 Fédération

3154 1283 125 21 Nationale
3303 1282 42 21 des
3369 1281 167 22 Combattants
3559 1280 91 25 Belges.
3671 1290 30 7 —
3723 1280 29 22 16

3152 1310 85 21 heures
3258 1317 6 14 :
3285 1309 118 21 Mélodies.
3423 1319 28 4 —
3469 1309 25 20 16
3507 1307 25 25 h.
3550 1308 26 21 15
3596 1317 7 15 :
3623 1307 128 21 Chansons

3154 1342 43 20 par
3213 1337 103 21 Annette
3331 1336 83 25 Lajon.
3430 1346 28 5 —
3472 1336 26 20 17
3512 1335 26 21 h.
3554 1335 26 21 30
3599 1344 7 14 :
3623 1334 129 21 Chansons

3154 1369 43 20 par
3208 1364 76 21 Laure
3297 1363 85 25 Diana.
3394 1373 29 5 —
3436 1362 26 21 17
3475 1362 24 21 h.
3512 1362 27 21 45
3556 1368 6 17 :
3575 1361 102 22 Concert
3689 1365 54 21 sym-

3152 1391 125 25 phonique.
3297 1401 30 5 —
3343 1390 27 21 19
3386 1389 25 24 h.
3430 1390 26 21 33
3478 1395 6 18 :
3505 1389 114 21 Chanson
3634 1388 115 27 d'amour,

3153 1417 104 22 comédie
3271 1417 113 21 musicale
3399 1421 31 17 en
3446 1417 13 20 3
3476 1416 65 21 actes
3560 1415 183 22 (Schubert-Ber-

3153 1445 45 23 té).
3213 1456 28 4 —
3258 1445 26 20 21
3303 1444 25 21 h.
3347 1444 27 21 45
3396 1450 7 15 :
3424 1444 35 20 La
3477 1442 126 24 Charente,
3626 1441 126 22 évocation

3154 1471 184 26 radiophonique
3360 1471 48 22 (Fr.
3427 1469 111 23 Porche).
3551 1480 33 5 —
3600 1469 28 21 22
3643 1468 27 25 h.
3688 1469 28 21 45
3740 1474 9 17 :

3153 1500 62 22 Jazz.

3184 1532 122 21 PARIS-P.
3324 1531 25 27 T.
3368 1531 23 23 T.
3410 1531 81 27 (431,7)

3179 1562 14 21 7
3208 1561 25 22 h.
3250 1562 27 21 30
3297 1569 6 14 :
3323 1561 34 21 Ce
3372 1565 45 21 que
3432 1564 59 17 vous
3504 1564 70 17 crevez
3591 1558 85 23 savoir.
3691 1569 30 6 —
3735 1558 16 23 9

3155 1589 85 21 heures
3262 1596 6 14 :
3290 1588 100 21 Concert
3409 1587 71 23 varié.
3498 1596 30 6 —
3545 1587 24 20 10
3586 1586 23 21 h.
3629 1587 25 20 45
3677 1592 8 16 :
3704 1586 48 21 Les

3153 1616 101 26 grandes
3272 1614 127 26 premières
3420 1621 7 15 :
3448 1619 13 15 «
3482 1614 90 21 Fedora
3585 1618 22 21 »,
3624 1613 32 21 de
3672 1613 69 22 Victo-

3154 1644 52 20 rien
3223 1643 98 25 Sardou.
3336 1654 29 4 —
3380 1642 25 21 11
3421 1641 25 23 h.
3464 1642 25 20 15
3509 1648 6 14 :
3533 1639 105 23 Théâtre
3654 1644 7 18 :
3677 1644 14 17 »
3704 1640 48 21 Les

3154 1670 185 21 Ambassadr-urs
3355 1674 22 21 »,
3398 1673 44 20 par
3462 1668 62 24 E.-A.
3543 1667 96 23 Robert.
3667 1677 28 5 —
3725 1667 24 21 11

3153 1698 81 20 herres
3255 1698 26 20 45
3304 1704 6 14 :
3331 1697 76 24 Quart
3424 1695 98 22 d'heure
3540 1695 32 21 du
3588 1694 85 24 soldat.
3688 1705 29 5 —
3723 1694 28 21 12

3154 1725 85 20 heures
3257 1731 5 14 :
3280 1724 107 22 Concert.
3401 1733 29 5 —
3444 1723 26 20 14
3483 1722 25 23 h.
3527 1731 6 14 :
3551 1720 106 23 Matinée
3667 1721 85 26 depuis

3154 1751 222 25 l'Opéra-Comique.
3393 1760 28 5 —
3438 1750 26 20 17
3481 1749 24 21 h.
3523 1750 26 20 30
3570 1754 6 16 :
3594 1749 101 21 Concert
3709 1752 32 17 va-

3153 1778 41 21 rié.
3211 1789 29 4 —
3257 1779 25 20 18
3299 1778 24 20 h.
3342 1778 25 21 15
3390 1787 7 14 :
3413 1777 32 21 Le
3463 1776 102 22 Cabaret
3581 1776 31 21 de
3628 1776 24 21 la
3669 1775 83 22 Matîe-

3154 1806 39 20 lon
3216 1816 29 5 —
3261 1806 26 20 18
3302 1805 25 23 h.
3342 1805 27 21 30
3386 1811 7 15 :
3412 1804 77 25 Quart
3503 1803 98 22 d'heure
3615 1804 34 22 du
3665 1802 85 24 soldat.

3152 1843 27 5 —
3191 1833 27 20 20
3231 1832 24 23 h.
3273 1841 6 14 :
3296 1831 136 21 Actualités.
3444 1841 29 5 —
3483 1831 26 20 23
3524 1831 25 22 h.
3563 1830 25 21 15
3605 1836 7 17 :
3627 1829 122 24 Mélodies.

3154 1871 26 4 —
3198 1860 26 20 23
3242 1859 25 23 h.
3286 1859 26 21 45
3334 1865 7 17 :
3361 1858 108 23 Concert.

3181 1892 245 22 POSTE-PARISIEN
3450 1892 81 27 (312,8)

3180 1927 13 21 8
3207 1927 25 21 h.
3250 1927 27 21 20
3299 1933 6 15 :
3326 1926 79 23 Menu.
3423 1937 29 4 —
3468 1925 14 21 8
3499 1925 24 21 h.
3541 1925 26 20 45
3587 1931 7 15 :
3612 1924 78 21 Messe
3708 1923 32 22 do-

3155 1954 115 21 minicale.
3289 1964 29 5 —
3335 1954 14 20 9
3368 1953 25 25 h.
3412 1953 27 20 30
3465 1959 6 15 :
3494 1952 85 25 Orgue.
3598 1963 29 4 —
3646 1951 25 20 10
3689 1951 26 21 h.
3738 1954 9 17 :

3154 1982 62 20 Pour
3232 1981 23 20 la
3272 1981 115 24 jeunesse.
3406 1989 29 5 —
3453 1980 24 20 11
3495 1979 25 22 h.
3541 1979 26 20 10
3588 1985 6 14 :
3615 1979 136 19 L'amateur

3429 2007 123 20 ©uintette
3567 2005 42 22 des
3627 2004 124 21 Chanson-

3653 2033 25 19 19
3692 2033 59 18 neu-

2762 2066 104 21 Bulletin
2888 2064 196 24 météorologique
3106 2065 23 19 et
3139 2060 3 24 j
3152 2067 37 16 res
3207 2063 24 19 15
3251 2069 6 14 :
3280 2062 75 24 Quart
3374 2060 95 21 d'heure
3487 2060 31 20 du
3536 2058 213 26 permissionnaire.

3153 2100 27 4 —
3197 2090 27 19 20
3238 2089 23 20 h.
3280 2089 27 20 20
3328 2096 6 13 :
3355 2087 134 23 Orchestre.
3676 2096 15 9 -

3181 2121 266 22 RADIO-TOULOUSE
3473 2121 80 26 (328,6)

3179 2157 13 20 7
3207 2156 24 23 h.
3247 2157 26 20 45
3291 2165 7 14 :
3315 2156 85 24 Messe.
3415 2165 27 4 —
3456 2154 14 21 8
3486 2153 23 21 h.
3523 2154 27 20 50
3566 2160 7 15 :
3590 2152 159 25 Opéra-comi-

3153 2188 50 17 oue.
3223 2194 28 4 —
3270 2183 24 20 11
3314 2183 24 22 h.
3358 2182 26 20 50
3407 2187 5 15 :
3434 2180 68 22 Culte
3522 2179 139 25 catholique.
3675 2189 30 5 —
3723 2178 28 21 18

3153 2211 84 20 heures
3255 2210 24 20 15
3299 2219 5 13 :
3323 2210 98 19 Danses.
3440 2219 27 4 —
3484 2208 26 20 20
3527 2207 23 21 h.
3566 2207 28 21 30
3614 2214 6 14 :
3639 2207 34 20 Le
3687 2206 63 25 petit

3152 2238 59 22 Duc.
3226 2248 27 4 —
3264 2237 25 20 21
3306 2236 24 23 h.
3346 2236 26 20 50
3391 2241 6 17 :
3414 2235 39 21 On
3468 2235 86 20 chante
3569 2238 59 21 pour
3642 2237 66 19 vous.
3722 2242 29 6 —

3154 2265 25 20 22
3196 2255 24 31 ti.
3237 2264 26 20 35
3283 2273 6 14 :
3308 2263 44 21 Eal
3369 2262 142 25 champêtre.

3181 2297 138 21 LONDRES
3341 2296 153 21 REGIONAL
3517 2296 68 23 (391,1
3606 2296 24 19 et
3650 2294 71 27 419,1)

3178 2331 13 20 7
3207 2331 18 20 h
3248 2332 27 19 40
3296 2337 6 16 :
3323 2330 146 26 Violoncelle,
3485 2330 79 25 piano.
3580 2339 28 5 —
3624 2329 13 21 8
3651 2328 24 23 h.
3693 2329 25 20 15
3737 2334 10 17 t

3152 2357 126 21 Orchestre
3297 2357 29 21 de
3343 2357 74 22 salon.
3434 2367 28 4 —
3484 2357 25 20 10
3527 2356 25 24 h.
3573 2356 24 21 15
3620 2362 6 15 :
3648 2355 91 21 Orches-

3154 2387 42 20 tre.
3214 2396 27 4 —
3259 2385 25 20 12
3301 2384 23 21 h.
3340 2385 26 20 30
3387 2391 6 14 :
3413 2384 133 21 Orchestre.
3563 2394 28 5 —
3607 2383 25 21 13
3649 2383 25 23 h.
3690 2383 28 21 45
3738 2389 8 17 :

3153 2412 134 22 Harmonie.
3305 2422 27 4 —
3352 2412 24 20 17
3394 2411 24 23 h.
3439 2412 24 19 15
3488 2418 6 14 :
3512 2410 117 21 Emission
3645 2410 93 21 enfanti-

3153 2443 36 16 ne.
3208 2449 27 5 —
3255 2439 25 20 18
3299 2438 23 23 b.
3342 2439 26 20 35
3390 2446 6 13 :
3418 2438 107 24 Musique
3543 2437 118 23 militaire.
3679 2447 29 5 —
3722 2436 30 22 22)

3151 2466 85 20 heures
3251 2466 26 21 30
3296 2473 6 14 :
3320 2465 98 21 Charles
3432 2464 111 26 Panzéra,
3556 2465 107 24 baryton.
3679 2475 28 4 —
3721 2463 28 22 22

3152 2492 84 22 heures
3250 2494 26 20 55
3295 2500 5 14 :
3318 2492 131 21 Orchestre.
3463 2503 25 4 —
3503 2492 26 21 23
3543 2492 24 23 h.
3581 2492 27 20 30
3625 2498 7 15 :
3649 2491 91 21 Orches-

3154 2522 36 18 tre
3206 2519 29 21 de
3252 2519 101 23 théâtre.

3181 2553 174 21 HILVERSUM
3378 2553 7 20 I
3408 2553 69 23 (1.875
3496 2553 22 19 et
3538 2552 69 26 415,1)

3178 2586 13 21 9
3208 2586 25 24 h.
3255 2593 6 15 :
3283 2586 116 21 Emission
3416 2585 128 25 religieuse.
3562 2595 28 5 —
3608 2585 25 20 12
3648 2584 24 20 h.
3690 2584 26 21 55
3737 2591 9 16 :

3152 2614 117 22 Causerie.
3284 2624 28 5 —
3326 2614 26 19 14
3366 2613 25 22 h.
3409 2618 6 16 :
3430 2613 100 20 Concert
3548 2611 45 25 gai.
3608 2622 28 4 —
3650 2611 26 20 14
3690 2610 59 22 heur

3152 2645 38 16 res
3203 2641 27 20 40
3247 2647 6 15 :
3270 2641 126 23 Questions
3408 2640 23 20 et
3445 2639 118 24 réponses.
3565 2647 40 6 —
3618 2638 25 21 15
3655 2638 25 23 h.
3694 2638 27 20 25
3738 2644 8 16 :

3151 2667 101 21 Choeurs
3270 2667 112 25 religieux
3400 2668 23 19 et
3442 2667 100 24 disques.
3561 2676 29 5 —
3606 2665 25 21 16
3646 2664 18 21 h
3690 2665 26 20 20
3737 2669 9 19 :

3152 2694 127 22 Orchestre
3297 2694 28 21 de
3344 2694 118 23 chambre.
3481 2704 26 4 —
3527 2693 25 20 17
3570 2692 24 21 h.
3614 2692 25 21 10
3662 2702 6 13 :
3686 2692 64 21 Pour

3152 2721 34 21 les
3204 2721 104 21 malades
3333 2732 27 4 —
3376 2721 27 20 20
3420 2720 23 21 h.
3461 2721 27 20 55
3507 2727 6 14 :
3532 2720 150 24 Programme
3702 2718 46 25 gaL

3151 2759 28 4 —
3195 2749 26 20 23
3237 2748 24 23 h.
3279 2749 26 20 20
3323 2755 5 14 :
3349 2747 96 22 Chœur.

1940 5194 42 25 Un
1995 5194 47 33 joli
2054 5196 84 32 feutre
2151 5201 54 20 vert
2218 5196 76 34 garni
2307 5195 61 25 d'un
2385 5195 111 36 bouquet

1910 5235 32 24 de
1953 5235 78 33 peurs
2043 5236 45 25 des
2098 5236 113 35 champs,
2222 5238 73 33 porté
2305 5241 46 30 par
2361 5236 65 26 Mlle
2438 5237 58 26 Gita

1911 5276 126 26 Hormatt.
2053 5277 118 25 Création
2186 5277 83 25 Gisèle
2282 5277 82 26 Roux.

2534 2094 176 25 communiqués
2730 2098 59 20 pour
2809 2093 24 20 la
2852 2092 127 24 batellerie.
3000 2090 86 21 Ensuit-

2537 2122 100 20 Concert
2658 2121 77 21 donne
2759 2125 44 19 par
2828 2118 142 22 l'Orchestre
2995 2117 82 23 Radio.
3103 2127 28 4 —

2535 2150 26 20 13
2577 2149 24 20 h.
2622 2154 6 17 :
2647 2147 98 22 Journal
2760 2146 73 25 parlé.
2849 2156 28 5 —
2892 2146 26 20 13
2934 2145 25 22 h.
2975 2145 25 20 10
3020 2151 6 14 :
3048 2144 71 24 Repri-

2535 2181 25 16 se
2577 2177 32 20 du
2627 2176 94 20 concert
2746 2184 27 5 —
2791 2174 24 20 13
2833 2173 24 20 h.
2875 2173 26 20 30
2922 2178 6 17 :
2949 2171 97 25 Agenda
3063 2170 29 21 de
3107 2170 22 20 la

2534 2203 36 20 vie
2589 2203 129 23 artistique.
2736 2211 26 5 —
2777 2201 25 20 13
2822 2200 24 23 h.
2864 2200 27 20 50
2910 2207 5 14 :
2936 2198 117 21 Emission
3070 2197 50 25 agri-

2535 2230 56 22 cole.
2614 2228 100 22 Journal
2736 2227 65 25 parlé
2825 2226 101 25 agricole
2956 2227 25 19 et
3013 2224 117 21 tendance

2533 2257 41 20 des
2592 2255 115 26 marchés.
2725 2255 109 20 Cultures
2852 2252 112 26 spéciales
2985 2259 6 14 :
3012 2252 43 20 Les
3074 2251 47 20 bon-

2535 2288 42 16 nes
2601 2283 98 24 prairies
2722 2286 60 20 pour
2804 2285 47 16 une
2874 2279 165 22 alimentation
3063 2278 67 20 saine

2534 2312 22 19 et
2576 2310 150 24 économique
2747 2308 32 21 du
2796 2306 79 26 bétail,
2899 2306 105 21 causerie
3024 2310 43 20 par
3096 2305 32 21 M.

2533 2337 106 21 Gustave
2663 2335 156 26 Burtombois,
2844 2333 122 25 ingénieur
2991 2335 135 22 agronome;

2533 2364 132 22 Interview;
2688 2362 106 21 Conseils
2814 2361 128 25 pratiques.
2964 2370 27 4 —
3020 2359 26 20 14
3074 2362 56 21 peu-

2532 2396 38 15 res
2583 2391 26 20 05
2625 2397 6 15 :
2646 2390 33 20 Le
2691 2394 14 16 «
2717 2387 198 23 Paris-Bruxelles
2927 2392 20 15 ».
2960 2398 26 4 —
3000 2387 26 19 14
3037 2386 25 20 h.
3075 2386 26 20 30
3120 2392 6 14 :

2535 2418 92 20 Visions
2641 2417 29 20 de
2685 2416 117 20 Hollande
2819 2422 7 14 :
2844 2415 52 20 Mes
2913 2413 60 21 amis
2989 2412 140 25 hollandais,

2533 2450 44 19 par
2596 2444 87 21 Robert
2703 2443 106 22 Guiette;
2833 2441 107 24 Musique
2960 2439 170 22 néerlandaise.

2532 2482 28 4 —
2575 2472 25 20 15
2617 2471 25 22 h.
2663 2477 6 15 :
2687 2469 191 22 Radiodiffusion
2894 2467 83 25 depuis
2993 2467 22 20 le
3031 2466 89 21 Conser-

2532 2499 90 20 vatoire
2638 2497 31 21 de
2687 2496 127 26 Bruxelles,
2832 2495 58 21 d'un
2908 2494 94 21 concert
3020 2492 101 24 sympho-

2531 2530 72 20 nique
2620 2523 78 22 donné
2715 2527 44 21 par
2777 2522 135 21 l'orchestre
2927 2520 29 24 de
2974 2520 110 21 chambre
3099 2519 30 20 de

2534 2553 23 19 la
2573 2551 112 25 Chapelle
2700 2550 114 21 Musicale
2828 2549 31 21 de
2874 2549 23 20 la
2912 2548 75 20 Reine
3003 2545 126 23 Elisabeth,

2532 2583 56 17 sous
2602 2578 25 21 la
2640 2577 115 23 direction
2769 2576 31 21 de
2817 2576 32 22 M.
2863 2574 99 22 Charles
2977 2573 112 26 Houdret,
3103 2573 26 20 et

2534 2610 56 16 avec
2611 2605 23 21 le
2655 2608 113 17 concours
2788 2603 30 21 de
2835 2603 33 24 M.
2890 2600 107 22 Edmond
3016 2601 113 25 Baeyens,

2532 2631 168 22 violoncelliste
2718 2638 6 14 :
2743 2629 144 25 Symphonie
2902 2633 13 15 «
2929 2628 94 23 Jupiter
3037 2632 13 15 »
3068 2626 52 21 (Mo-

2532 2660 60 20 zart)
2606 2665 7 18 ;
2633 2659 115 20 Concerto
2766 2661 31 17 en
2814 2656 25 21 ré
2857 2655 93 25 majeur
2967 2659 59 19 pour
3042 2653 78 21 violon-

2535 2686 58 21 celle
2618 2684 116 25 (Haydn).
2754 2694 28 5 —
2801 2684 72 19 Entre
2894 2682 25 20 16
2938 2684 24 18 et
2984 2681 24 20 17
3025 2680 24 23 h.
3070 2680 26 21 30
3120 2688 7 14 :

2532 2714 32 19 Le
2582 2717 13 15 t
2613 2710 197 23 Paris-Bruxelles
2829 2715 19 20 »,
2867 2709 124 24 reportage
3008 2707 29 21 de
3057 2706 63 21 l'arri-

2534 2740 42 20 vée
2595 2744 32 16 au
2643 2738 57 21 Bois
2718 2737 32 22 de
2769 2737 24 20 la
2812 2736 107 21 Cambre.
2938 2745 29 5 —
2986 2735 25 20 15
3031 2734 24 20 h.
3074 2734 26 20 55
3120 2739 7 15 :

2531 2767 33 20 Le
2576 2766 41 25 jeu
2629 2766 33 21 du
2675 2764 117 24 Zodiaque
2808 2770 7 14 :
2831 2768 13 15 t
2859 2763 33 20 Le
2905 2763 99 20 taureau
3018 2759 81 22 d'avril
3108 2764 20 17 ».

2532 2804 28 4 —
2577 2793 25 20 16
2617 2792 18 21 h
2660 2792 25 20 10
2705 2796 6 16 :
2727 2789 118 26 Septième
2860 2788 139 25 symphonie
3019 2787 101 21 (Beetho-

2532 2821 66 21 ven).
2615 2830 30 5 —
2664 2819 25 20 17
2705 2818 24 20 h.
2754 2827 6 14 :
2784 2817 127 21 Orchestre
2929 2815 30 21 de
2979 2815 58 25 jazz.
3057 2823 29 6 —
3103 2813 26 21 17

2531 2847 86 20 heures
2634 2846 27 20 30
2681 2854 7 14 :
2708 2845 61 20 A.ec
2786 2848 45 16 nos
2848 2843 119 24 musiques
2984 2841 145 22 militaires...

2531 2873 97 25 cjelqu*»
2645 2872 55 24 part
2716 2876 30 16 en
2761 2870 112 25 B-lgique
2893 2879 30 5 —
2937 2869 24 19 'F
2977 2869 23 19 h.
3019 2874 5 14 :
3042 2868 86 20 Racio-

2532 2894 114 28 jeunesse
2671 2906 6 14 :
2700 2897 90 22 Séance
2810 2895 98 23 réalisée
2930 2899 43 21 par
2996 2895 33 22 M.
3055 2894 73 20 Henri

2531 2928 30 20 de
2578 2927 72 20 Thier
2670 2932 5 5 ■
2696 2926 61 19 Pour
2774 2924 101 21 chanter
2891 2927 32 17 en
2939 2922 82 21 chœur
3042 2929 6 14 :
3068 2926 13 15 «
3098 2921 30 20 Le

2531 2955 58 20 nain
2607 2953 79 21 Rikiki
2702 2957 23 18 »;
2748 2952 73 20 Notre
2841 2949 73 24 fable;
2937 2948 127 26 Monsieur,
3085 2948 34 20 Pa-

2531 2980 83 26 taquès
2631 2980 110 21 retourne
2759 2978 15 21 à
2792 2978 23 21 la
2832 2977 84 23 ferme;
2937 2975 67 22 Boite
3022 2980 47 16 aux
3086 2975 33 20 let-

2532 3009 58 22 tres;
2611 3012 13 16 «
2643 3006 95 21 Miek-jn
2761 3005 22 20 la
2804 3003 135 23 dentellière
2959 3008 19 20 »,
2999 3003 76 24 image
3093 3005 27 16 ra-

2531 3034 164 25 diophonique,
2716 3037 42 20 par
2778 3032 83 20 Mister
2881 3031 61 23 Van;
2965 3029 74 21 Adieu
3059 3028 61 21 musi-

2533 3062 36 21 cal
2593 3072 28 5 —
2639 3061 25 21 19
2684 3060 25 23 h.
2733 3067 6 14 :
2763 3058 111 22 Causerie
2893 3057 129 26 religieuse,
3043 3060 44 21 par
3107 3055 22 20 le

2532 3089 29 23 R.
2570 3082 38 27 'P.
2628 3086 183 26 Stinglhamber.
2833 3085 69 25 Sujet
2927 3091 6 14 :
2958 3089 14 15 c
2996 3084 72 20 Notre
3090 3082 31 21 de-

2533 3120 79 17 meure
2627 3113 137 22 fraternelle
2783 3119 7 16 :
2810 3113 22 20 le
2848 3111 86 22 Devoir
2949 3116 20 18 ».
2985 3121 28 5 —
3030 3111 25 20 19
3072 3110 46 20 heu-

2533 3148 38 16 res
2587 3143 25 20 15
2633 3149 7 15 :
2658 3141 108 24 Musique
2783 3138 149 26 enregistrée.
2947 3148 30 5 —
2990 3138 26 20 19
3029 3137 24 20 h.
3073 3137 26 20 30
3119 3143 6 15 :

2532 3169 99 22 Journal
2646 3167 72 26 parlé.
2733 3177 29 5 —
2775 3167 27 21 20
2817 3166 25 21 h.
2861 3175 7 14 :
2886 3166 35 20 La
2936 3164 144 22 demi-heure
3096 3163 32 21 du

2533 3197 78 21 soldat
2636 3207 27 5 —
2683 3196 27 20 20
2729 3194 25 23 h.
2774 3194 27 21 30
2824 3200 7 15 :
2856 3193 100 21 Concert
2981 3190 78 22 donné
3085 3195 44 20 par

2533 3224 142 21 l'Orchestre
2694 3221 83 23 Radio.
2796 3232 28 4 —
2842 3221 25 20 21
2887 3219 25 26 h.
2935 3226 6 14 :
2963 3219 46 20 Sur
3027 3218 34 20 les
3080 3218 38 20 tra-

2532 3256 39 16 ces
2590 3251 30 20 de
2638 3249 141 25 Meyerbeer.
2797 3247 133 25 Reportage
2949 3244 65 26 parlé
3033 3249 45 21 par
3095 3244 32 20 M.

2532 3278 66 21 Marc
2610 3275 126 26 Carghèse.
2752 3286 28 4 —
2794 3275 25 20 21
2833 3274 25 23 h.
2873 3274 26 20 20
2917 3278 6 16 :
2940 3272 127 21 Orchestre
3081 3271 36 20 Ra-

2531 3306 45 21 dio.
2592 3314 29 5 —
2635 3304 27 20 22
2678 3303 24 22 h.
2723 3309 6 15 :
2747 3301 98 22 Journal
2859 3299 72 26 parlé.
2949 3310 26 4 —
2991 3299 26 21 22
3033 3298 24 21 h.
3072 3299 26 20 10
3118 3305 6 14 :

2518 3331 4 33 j
2532 3331 134 22 Orchestre.

2519 3350 3 36 !
2559 3362 176 23 BRUXELLES
2761 3361 127 25 (Emission
2912 3360 129 21 flamande)
3068 3358 59 25 321,9

2518 3397 4 24 I
2559 3399 13 20 6
2590 3399 17 19 h
2632 3398 28 20 30
2679 3399 24 19 et
2721 3397 14 20 8
2752 3396 24 22 h.
2796 3403 6 14 :
2822 3395 106 24 Disques.
2946 3403 29 5 —
2992 3393 14 20 8
3023 3392 25 23 h.
3069 3392 26 20 25
3118 3397 6 15 :

2518 3421 3 18 1
2530 3425 100 21 Journal
2647 3423 73 26 parlé.
2736 3433 28 5 —
2781 3423 13 20 9
2813 3422 19 20 h
2858 3430 6 15 :
2884 3421 100 24 Disques
2999 3417 128 23 demandés

2531 3457 45 20 par
2592 3452 35 21 les
2643 3450 96 23 soldats.
2756 3458 29 6 —
2802 3450 25 20 10
2843 3448 25 21 h.
2889 3454 6 15 :
2914 3448 35 20 La
2965 3446 96 26 joyeuse
3078 3449 40 16 ma-

2533 3478 63 22 tinée
2618 3478 33 21 du
2675 3476 132 23 dimanche.
2830 3486 28 4 —
2879 3474 24 21 11
2926 3474 26 22 h.
2978 3479 6 17 :
3009 3472 118 21 Emission

2531 3505 101 26 agricole
2647 3505 25 21 et
2691 3503 120 23 horticole.
2829 3512 28 5 —
2875 3502 24 20 11
2918 3500 24 21 h.
2961 3501 25 20 15
3008 3507 6 14 :
3035 3498 91 21 Récital

2531 3533 29 21 de
2576 3532 92 21 chants.
2684 3541 29 5 —
2731 3531 24 20 11
2773 3530 24 22 h.
2815 3530 26 20 55
2863 3535 6 17 :
2889 3526 129 22 Actualités
3033 3525 84 22 scienti-

2532 3560 83 25 fiques,
2633 3563 45 20 par
2693 3558 32 20 M.
2744 3557 33 23 M.
2795 3557 95 24 Freson.
2908 3564 29 6 —
2955 3555 25 20 12
2998 3553 25 23 h.
3046 3560 5 14 :
3073 3553 44 20 Dis-

2530 3591 57 20 ques
2604 3584 128 23 demandés
2750 3588 44 21 par
2814 3587 44 16 nos
2873 3581 96 22 soldats.
2985 3590 29 5 —
3031 3580 26 20 13
3074 3579 23 23 h.

2530 3613 99 22 Journal
2647 3610 73 27 parlé.
2737 3621 29 4 —
2784 3610 27 21 14
2827 3610 25 22 h.
2870 3609 26 21 30
2919 3615 6 14 :
2946 3608 70 20 Votre
3035 3606 91 22 lettre...

2530 3641 69 20 notre
2615 3639 89 24 disque.
2722 3649 28 5 —
2768 3638 26 20 15
2811 3637 25 23 h.
2854 3637 26 20 15
2902 3643 6 14 :
2929 3635 101 21 Concert
3047 3632 79 23 donné

2530 3671 43 21 par
2591 3666 23 21 le
2630 3665 107 25 Quatuor
2760 3664 72 21 Vocal
2853 3663 30 21 de
2902 3661 127 25 Bruxelles.
3051 3670 28 5 —
3100 3660 26 20 16

2530 3694 84 21 heures
2632 3699 6 15 :
2653 3691 92 21 Récital
2760 3691 28 20 de
2803 3691 79 24 piano.
2895 3699 29 5 —
2937 3689 25 20 16
2974 3688 25 20 h.
3013 3688 27 20 30
3057 3694 6 14 :
3078 3687 37 20 Ra-

2530 3721 168 20 dio-Jeunesse.
2713 3728 28 5 —
2757 3718 26 20 17
2798 3717 24 20 h.
2840 3717 25 20 15
2885 3725 6 15 :
2910 3720 13 16 t
2937 3716 35 20 La
2986 3714 62 21 Villa
3066 3714 50 20 han-

2530 3748 37 20 tée
2579 3752 13 15 »
2612 3747 30 21 de
2653 3745 68 24 Luigi
2736 3744 141 22 Pirandello.
2891 3753 28 5 —
2933 3742 26 21 18
2973 3742 24 22 h.
3012 3742 27 20 20
3058 3748 5 14 :
3081 3740 35 21 Ré-

2530 3774 56 21 cital
2602 3773 30 21 de
2647 3772 85 22 violon.
2749 3781 28 5 —
2792 3771 26 21 18
2834 3770 24 23 h.
2875 3770 26 20 45
2922 3778 6 15 :
2947 3768 112 21 Causerie
3074 3767 43 21 reli-

2530 3802 79 24 gieuse
2637 3809 28 5 —
2686 3800 25 20 19
2731 3798 18 21 h
2782 3804 6 15 :
2812 3798 98 24 Disques
2932 3795 128 22 demandés
3081 3799 43 20 par

2530 3833 43 15 nos
2589 3826 95 22 soldats.
2700 3836 29 5 —
2744 3826 25 20 19
2784 3825 26 22 h.
2826 3825 27 20 30
2870 3833 6 14 :
2894 3822 100 22 Journal
3010 3821 72 25 parlé.
3097 3831 30 5 —

2529 3855 27 21 20
2572 3854 25 23 h.
2620 3861 6 14 :
2650 3854 54 19 Non
2722 3852 53 24 stop
2787 3852 6 20 !
2812 3850 78 22 Recht
2907 3849 58 21 door
2976 3849 6 20 !
3003 3850 112 23 Program-

2530 3886 37 16 me
2581 3880 63 21 varié
2657 3880 32 21 du
2701 3878 127 23 dimanche
2841 3877 54 23 soir.
2909 3886 28 6 —
2950 3876 26 20 22
2990 3875 25 23 h.
3033 3882 6 14 :
3056 3876 59 20 Jour-

2530 3908 40 21 nal
2589 3906 72 26 parlé.
2683 3916 27 5 —
2729 3906 26 20 22
2773 3905 25 23 h.
2818 3905 26 20 10
2867 3910 6 17 :
2896 3902 89 23 Séance
3003 3902 31 21 de
3052 3901 62 21 musi-

2528 3939 44 20 que
2586 3934 31 21 de
2631 3933 111 21 chambre
2757 3936 44 20 par
2816 3931 21 21 le
2852 3931 106 24 Quatuor
2973 3928 78 22 André
3065 3929 59 20 Ger-

2528 3961 52 23 tler.
2596 3971 28 5 —
2638 3960 26 20 23
2679 3959 24 20 h.
2721 3966 6 14 :
2748 3957 211 25 Enregistrements
2977 3956 29 21 de
3022 3956 58 24 jazz.
3098 3965 26 4 —

2556 3992 218 23 RADIO-BINCHE

2554 4027 14 21 9
2584 4026 25 21 h.
2630 4032 7 18 :
2656 4025 110 21 Marches
2790 4035 27 4 —
2834 4024 12 20 9
2863 4024 25 21 h.
2907 4023 25 20 15
2953 4029 6 15 :
2980 4022 99 22 Chants.
3097 4032 27 5 —

2529 4055 25 20 10
2572 4053 24 21 h.
2619 4060 7 15 :
2643 4051 93 22 Récital
2752 4051 30 21 de
2799 4050 141 25 saxophone,
2961 4053 43 21 par
3025 4049 33 22 M.
3077 4049 36 20 Ro-

2528 4080 51 21 bert
2592 4079 121 26 Rencelot,
2727 4077 31 22 de
2772 4077 87 23 Thuin.
2873 4087 27 4 —
2917 4077 25 20 10
2956 4076 25 23 h.
2997 4076 26 21 30
3042 4082 6 15 :
3064 4075 48 21 Gui-

2528 4108 58 20 tare.
2600 4116 28 6 —
2643 4106 26 21 10
2682 4105 25 25 h.
2723 4105 26 20 45
2768 4111 6 15 :
2795 4103 108 22 Musette.
2917 4113 30 5 —
2959 4103 25 20 11
2998 4102 24 23 h.
3039 4109 6 14 :
3063 4102 51 20 Con-

2553 4134 57 23 cert.
2625 4142 28 6 —
2668 4133 24 20 II
2707 4132 25 22 h.
2745 4132 26 20 40
2790 4138 6 15 :
2814 4135 13 17 «
2844 4131 84 23 Spirou
2942 4134 18 16 a
2973 4129 62 21 deux
3050 4132 45 17 ans
3102 4133 20 21 »,

2525 4160 83 21 sketch
2625 4159 31 21 de
2672 4160 63 20 Jean
2751 4158 78 24 Doisy.
2846 4168 29 4 —
2890 4157 26 20 12
2927 4156 24 21 h.
2972 4165 7 15 :
2999 4155 93 21 Chants
3113 4161 7 15 :

2527 4188 133 23 Printemps
2679 4186 23 21 et
2723 4185 76 21 beaux
2818 4184 67 25 jours
2909 4182 145 23 (Vaissade);
3078 4182 44 20 Les

2525 4214 132 25 printemps
2680 4212 107 21 d'amour
2811 4210 111 24 (Mauri);
2946 4209 126 24 L'auberge
3091 4212 31 17 au

2528 4239 135 26 crépuscule
2690 4239 129 22 (Alstone);
2847 4238 39 20 Un
2910 4237 52 20 tout
2986 4235 61 26 petit
3079 4234 42 22 nid

2528 4267 145 22 (Vaissade):
2692 4266 35 20 La
2741 4265 68 25 p'tite
2825 4265 71 21 dame
2912 4264 30 20 de
2959 4263 80 24 l'Expo
3059 4261 52 22 (Sul-

2526 4295 87 22 livan);
2637 4293 40 21 On
2699 4293 37 20 est
2757 4296 92 17 comme
2869 4295 33 16 on
2920 4291 38 20 est
2979 4289 119 22 (Mireille)
3113 4292 5 19 ;

2524 4320 95 21 Honoré
2641 4319 114 23 (Scotto);
2777 4319 73 20 Cœur
2867 4321 32 18 en
2922 4316 114 25 chômage
3058 4315 63 23 (id.).

2569 4348 26 20 12
2611 4346 24 21 h.
2653 4347 27 20 30
2700 4353 6 14 :
2726 4346 99 21 Danses.
2841 4355 29 5 —
2887 4344 25 20 19
2927 4344 25 23 h.
2972 4348 6 16 :
2995 4343 126 20 Morceaux

2524 4373 136 23 demandés.
2673 4383 28 4 —
2716 4373 26 20 20
2757 4372 25 22 h.
2802 4380 6 15 :
2828 4371 107 24 Musique
2950 4369 83 21 variée.

2554 4402 403 25 BRUXELLES-CONFERENCES
2985 4403 81 24 (201,8)

2550 4440 14 20 9
2578 4439 25 21 h.
2621 4444 7 16 :
2646 4438 101 21 Concert
2762 4436 71 24 varié.
2848 4447 29 4 —
2894 4436 25 20 10
2934 4435 25 23 h.
2979 4442 6 14 :
3003 4434 117 21 Emission

2525 4466 130 22 enfantine.
2672 4473 29 7 —
2719 4465 25 20 10
2763 4464 18 20 h
2807 4464 26 20 45
2856 4472 6 14 :
2885 4462 70 21 Votre
2974 4466 78 18 menu.
3070 4462 41 19 Ma-

2524 4493 76 22 dame.
2618 4501 30 6 —
2666 4492 26 20 11
2712 4491 25 23 h.
2760 4497 7 15 :
2792 4489 112 23 Variétés.
2924 4499 29 5 —
2973 4488 24 21 11
3013 4488 25 23 h.
3060 4488 26 21 30
3109 4494 7 17 :

2524 4519 106 22 Conseils
2644 4518 31 22 de
2691 4519 24 20 la
2728 4517 74 21 santé.
2818 4526 29 6 —
2862 4517 24 19 11
2902 4516 24 22 h.
2942 4516 26 20 45
2988 4521 6 17 :
3013 4515 106 25 Disques.

2569 4547 26 20 12
2614 4546 25 22 h.
2660 4545 26 21 15
2710 4551 6 15 :
2741 4545 45 20 Les
2806 4543 118 21 nouvelles
2945 4542 125 21 aventures
3090 4541 29 21 de

2523 4573 92 22 Slache.
2628 4583 29 5 —
2674 4572 25 20 12
2716 4571 25 24 h.
2758 4571 26 21 35
2805 4577 7 15 :
2832 4570 32 20 M.
2880 4570 26 20 et
2923 4569 64 20 Mme
3004 4569 115 25 Trirrette,

2523 4600 82 21 sketch
2623 4598 131 25 bruxellois,
2774 4596 100 22 d'André
2893 4595 90 26 Maber.

2550 4631 305 24 RADIO-SCHAERBEEK
2877 4630 81 26 (201,8)

2549 4667 25 21 13
2590 4667 24 20 h.
2634 4674 6 14 :
2658 4666 107 21 Concert.
2780 4675 27 4 —
2821 4665 24 19 13
2860 4664 23 20 h.
2899 4664 26 19 20
2944 4669 5 17 :
2968 4662 91 21 Chants
3074 4667 43 20 par

2523 4694 105 20 Roberto
2650 4692 145 25 Pagliarani;
2822 4691 33 20 La
2880 4689 110 26 Bohême,
3018 4689 38 21 air
3087 4688 30 21 de

2521 4720 122 25 Rodolphe
2654 4724 6 19 ;
2682 4718 127 25 Rigoletto;
2831 4718 35 20 Tu
2887 4722 24 16 es
2931 4721 56 16 mon
3005 4716 112 23 bonheur.

2521 4758 29 5 —
2566 4748 25 20 13
2606 4747 26 23 h.
2648 4746 26 22 30
2694 4753 6 14 :
2720 4745 88 23 Valses.
2824 4755 26 5 —
2866 4745 26 20 13
2908 4744 25 23 h.
2950 4744 26 21 40
2999 4751 6 14 :
3024 4743 93 21 Chants

2521 4779 44 20 par
2578 4774 71 20 Adria
2664 4773 31 21 de
2714 4772 65 21 Casti
2803 4779 6 14 :
2832 4771 114 21 Cavatine
2963 4771 42 22 des
3024 4771 82 24 Hugue-

2521 4802 64 22 nots;
2604 4800 68 21 Valse
2689 4799 29 22 de
2735 4799 111 23 musette;
2865 4798 163 25 Rappelle-toi.
3047 4808 27 4 —
3092 4797 25 20 13

2521 4829 85 20 heures
2624 4828 26 20 50
2672 4834 6 14 :
2697 4826 140 24 Chronique.
2855 4836 28 4 —
2901 4826 26 20 14
2944 4825 24 21 h.
2990 4832 6 14 :
3017 4824 90 22 Orches-

2521 4856 44 23 tre.
2580 4865 29 5 —
2623 4854 26 20 14
2665 4853 24 23 h.
2706 4853 26 21 30
2752 4860 6 14 :
2775 4853 52 24 Ray
2844 4853 111 25 Ventura.
2973 4862 29 5 —
3018 4852 26 20 14
3060 4851 47 21 heu-

2521 4886 38 16 res
2575 4882 26 20 50
2621 4890 7 14 :
2647 4881 44 20 Les
2708 4880 103 20 minutes
2828 4879 131 21 féminines.
2976 4889 28 5 —
3021 4879 25 20 15
3060 4878 25 23 h.
3107 4885 6 15 :

2521 4908 127 21 Harmonie
2668 4906 125 25 populaire.
2815 4917 25 5 —
2861 4907 24 20 15
2907 4906 24 23 h.
2951 4906 26 20 45
2997 4911 5 15 :
3024 4905 91 21 Chants

2522 4934 83 23 variés.

2549 4966 221 22 RADIO-ANVERS
2797 4965 81 28 (201,1)

2547 5001 12 21 7
2572 5001 26 23 h.
2615 5009 7 15 :
2638 5001 151 23 Programme
2802 4998 71 24 varié.
2885 5008 28 5 —
2926 4998 24 21 11
2967 4997 23 21 h.
3009 5005 6 14 :
3032 4997 82 21 Echos.

2519 5039 28 5 —
2563 5028 25 21 11
2603 5027 25 23 h.
2645 5027 25 21 15
2690 5035 6 15 :
2716 5025 112 26 Variétés.
2841 5037 28 4 —
2886 5026 25 19 12
2926 5025 24 23 h.
2966 5025 25 20 15
3011 5030 6 17 :
3036 5023 69 22 Varié-

2522 5054 43 25 tés.
2580 5064 30 6 —
2623 5054 27 21 21
2668 5053 25 23 h.
2714 5060 5 14 :
2736 5053 105 25 Disques.

2549 5086 312 21 RADIO-CHATELINEAU
2888 5085 82 26 ((201,1
2992 5084 25 21 et
3036 5084 49 23 200)

2547 5122 27 20 14
2589 5121 26 24 h.
2632 5121 27 21 30
2678 5128 6 14 :
2704 5121 99 25 Disques
2821 5121 133 21 demandés.
2970 5132 28 4 —
3015 5122 25 20 15
3058 5121 24 24 h.
3104 5127 7 18 :

2519 5148 21 21 A
2557 5148 117 25 l'auberge
2692 5148 147 21 Sans-Souci.
2856 5158 29 5 —
2902 5148 25 21 15
2945 5147 24 22 h.
2990 5155 7 16 :
3014 5147 99 26 Disques

2520 5174 134 24 demandés.

2548 5208 156 22 WALLONIA
2727 5209 79 23 (202,3)

2545 5241 15 22 7
2575 5240 26 25 h.
2620 5248 7 16 :
2646 5241 108 25 Musique
2770 5241 32 21 du
2817 5243 84 23 matin.
2917 5252 29 6 —
2961 5242 14 21 8
2990 5242 25 25 h.
3033 5249 7 15 :
3060 5243 42 21 Dis-

2519 5273 64 21 ques.
2601 5279 29 5 —
2648 5268 26 21 13
2692 5267 24 21 h.
2739 5275 7 15 :
2768 5268 100 21 Concert
2886 5269 133 23 dominical.
3038 5279 29 5 —
3088 5270 22 20 13

2519 5295 84 21 heures
2622 5295 25 21 15
2666 5301 7 16 :
2690 5294 63 21 Pour
2764 5299 44 17 nos
2822 5294 97 26 soldats.
2934 5306 27 4 —
2977 5295 24 21 13
3015 5296 24 22 h.
3056 5297 25 20 45
3100 5302 7 18 :

3325 2805 113 20 PRENEZ
3457 2804 93 21 LUNDI
3571 2811 6 15 :

3254 2839 51 20 LES
3328 2838 95 20 NOTES
3446 2838 39 20 DU
3509 2837 135 21 CENSEUR

3178 2873 25 20 19
3224 2872 24 23 h.
3271 2873 25 20 10
3324 2879 6 14 :
3354 2872 76 21 Raaio
3439 2872 66 20 Paris
3531 2878 6 14 :
3559 2876 13 15 «*
3594 2870 93 24 Cyrano
3716 2870 31 21 de

3151 2900 115 24 Bergerac
3288 2904 19 21 »,
3331 2898 130 21 d'Edmond
3483 2897 109 21 Rostand
3617 2897 132 22 (auditeurs

3152 2926 107 21 formes).

3178 2954 27 20 20
3224 2953 25 25 h.
3270 2954 26 20 30
3320 2960 5 14 :
3350 2953 100 20 Paris-P.
3477 2952 28 23 T.
3525 2952 28 23 T.
3574 2958 7 16 :
3604 2951 142 28 Cendrillon,

3153 2980 29 21 de
3197 2980 121 21 Massenet
3335 2981 70 23 (pour
3420 2980 74 21 tous).

3179 3013 176 22 BRUXELLES
3382 3013 125 23 (Emission
3533 3012 127 24 française)
3687 3012 60 27 483,9

3179 3048 13 20 6
3210 3047 25 24 h.
3251 3048 27 20 30
3296 3048 24 20 et
3338 3047 13 21 8
3369 3046 25 21 h.
3417 3054 6 14 :
3445 3047 106 24 Disques.
3566 3057 29 4 —
3613 3046 14 21 8
3644 3045 25 24 h.
3689 3045 27 22 25
3737 3052 9 17 s

3151 3075 98 20 Journal
3271 3074 71 25 parlé.
3363 3085 28 4 —
3409 3074 25 20 12
3455 3074 23 22 h.
3503 3081 5 14 :
3532 3074 105 24 Disques.
3665 3084 28 4 —
3721 3072 27 22 12

3151 3101 85 21 heures
3251 3102 28 20 30
3295 3107 6 15 :
3318 3102 105 24 Disques.
3437 3111 27 5 —
3479 3101 25 20 13
3518 3100 24 23 h.
3558 3109 7 15 :
3581 3100 99 21 Journal
3694 3104 45 21 par-

3153 3128 29 23 lé.
3199 3139 28 4 —
3243 3129 25 20 13
3284 3128 23 21 h.
3322 3129 26 20 30
3369 3134 6 17 :
3394 3128 96 25 Ballets.
3507 3138 28 5 —
3550 3128 27 20 14
3591 3127 25 21 h.
3637 3134 6 15 :
3660 3128 35 20 La
3710 3128 40 20 vie

3152 3156 130 24 artistique.
3301 3166 28 4 —
3349 3155 25 21 16
3393 3155 24 22 h.
3434 3155 27 20 55
3484 3164 6 14 :
3512 3153 182 25 Communiqués
3714 3154 25 21 di-

3150 3187 60 16 vers.
3229 3193 28 5 —
3277 3183 25 20 17
3324 3182 25 24 h.
3373 3189 6 14 :
3400 3183 89 23 Leçons
3509 3186 29 17 oe
3558 3182 98 24 langues
3675 3181 75 22 desti-
3761 3181 5 8 '

3152 3209 56 21 nées
3226 3214 47 16 aux
3291 3209 96 23 soldats.
3406 3221 28 4 —
3450 3209 25 20 17
3493 3209 25 23 h.
3536 3209 26 20 35
3585 3216 6 14 :
3613 3208 99 23 Chants.
3720 3217 31 7 -—

3152 3237 26 20 18
3194 3236 24 23 h.
3237 3237 26 20 30
3282 3244 6 13 :
3309 3237 36 20 Au
3362 3241 43 16 son
3423 3236 31 20 du
3472 3236 115 25 galoubet,
3603 3245 31 6 —
3649 3236 26 20 18
3689 3235 49 22 heu-

3151 3268 38 16 res
3205 3264 26 20 50
3254 3271 5 13 :
3278 3263 132 21 Orchestre.
3427 3274 26 4 —
3471 3264 24 20 19
3512 3263 24 25 h.
3555 3270 7 14 :
3581 3264 122 23 Magazine
3716 3260 32 24 dé

3152 3290 34 21 l'L
3205 3291 29 22 N.
3252 3291 29 22 R.
3299 3301 29 4 —
3345 3291 25 20 19
3389 3290 24 23 h.
3433 3291 26 20 30
3482 3297 6 14 :
3510 3290 98 21 Journal
3627 3289 74 25 parlé.
3718 3299 30 6 —

3151 3319 26 19 20
3194 3319 23 18 n.
3238 3318 27 20 30
3287 3325 6 14 :
3312 3318 103 20 Théâtre
3432 3317 33 21 du
3484 3317 85 25 Moyen
3589 3317 50 25 Age
3660 3323 8 15 :
3687 3321 14 16 «
3713 3317 35 21 Le

3151 3344 103 24 Mystère
3273 3344 29 21 de
3318 3344 23 21 la
3357 3345 74 20 Reine
3447 3344 132 25 d'Espagne
3595 3349 13 15 »
3626 3343 121 23 (Ledent).

3149 3382 29 4 —
3192 3372 26 19 21
3234 3371 24 23 h.
3275 3372 26 20 30
3319 3380 6 14 :
3343 3376 13 15 «
3371 3371 33 20 La
3420 3372 73 20 Farce
3507 3371 33 21 du
3555 3370 109 21 Boucher
3678 3370 70 21 d'Ab-

3151 3398 81 20 beville
3255 3403 20 21 »,
3298 3398 40 24 jeu
3357 3397 45 22 tiré
3426 3398 32 20 du
3482 3398 98 25 fabliau,
3607 3401 44 20 par
3674 3398 70 23 Fem.
3763 3417 3 4 .

3149 3425 118 20 Tonnard.
3287 3435 28 4 —
3334 3425 27 20 22
3380 3425 24 22 h.
3429 3432 6 14 :
3461 3424 98 21 Journal
3579 3423 73 26 parlé.
3671 3435 28 4 —
3718 3424 28 21 22

3152 3452 83 20 heures
3259 3452 25 20 10
3309 3459 5 13 :
3340 3452 105 24 Disques.

3176 3492 176 20 BRUXELLES
3379 3492 125 23 (Emission
3530 3491 128 23 flamande)
3685 3493 59 23 321,9

3178 3525 12 20 6
3209 3525 24 23 h.
3250 3526 25 20 30
3294 3526 25 20 et
3337 3526 12 19 8
3368 3525 23 20 h.
3415 3532 6 14 :
3443 3525 106 25 Disques.
3565 3535 29 5 —
3611 3524 14 21 8
3642 3524 26 23 h.
3687 3524 26 21 25
3734 3531 10 18 j

3150 3553 99 19 Journal
3272 3553 71 23 parlé.
3369 3563 23 4 —
3414 3552 25 20 12
3461 3552 25 22 h.
3512 3560 6 15 :
3540 3551 59 21 Voix
3619 3550 94 22 d'Italie
3736 3555 9 19 :

3149 3578 146 21 L'Africaine
3322 3579 154 24 (Meyerbeer)
3490 3583 5 19 ;
3534 3578 34 21 La
3604 3578 72 20 Force
3712 3578 36 21 du

3148 3606 84 20 Destin
3258 3606 90 21 (Verdi)
3362 3610 6 18 ;
3394 3606 43 20 Les
3461 3605 115 21 Pêcheurs
3605 3604 31 22 de
3666 3605 81 21 Perles

3151 3633 85 21 (Bizet)
3250 3637 6 19 ;
3279 3633 78 20 André
3375 3632 102 21 Chénier
3499 3632 153 23 (Giordano);
3673 3633 73 20 Amar

3149 3659 129 22 ch'attendi
3306 3660 144 23 (Parisotti);
3475 3660 34 20 La
3532 3659 121 23 Traviata;
3675 3659 64 25 Rigo-

3150 3687 58 20 letto
3226 3686 100 23 (Verdi).
3342 3697 27 4 —
3383 3687 25 20 12
3422 3687 25 22 h.
3462 3687 27 20 30
3509 3693 6 15 :
3533 3687 62 20 Jazz.
3609 3697 29 5 —
3652 3686 26 21 13
3692 3686 25 21 h.
3735 3691 8 19 :

3149 3714 99 21 Journal
3269 3714 72 24 parlé.
3363 3724 28 4 —
3412 3714 24 20 13
3457 3713 24 23 h.
3512 3714 25 20 10
3560 3723 6 5 •
3590 3713 98 25 Reprise
3711 3712 36 23 du

3148 3741 58 24 jazz.
3224 3752 27 4 —
3269 3741 25 20 13
3311 3740 25 25 h.
3354 3741 26 20 30
3402 3748 6 14 :
3430 3741 105 24 Disques,
3553 3750 28 11 -r
3598 3740 26 21 17
3643 3739 25 22 h.
3686 3741 27 21 05
3733 3746 10 18 :

3150 3767 91 21 Baïlets
3266 3775 6 14 :
3300 3768 44 20 Les
3369 3767 64 21 Elfes
3457 3767 126 25 (Chopin);
3610 3766 135 22 Hérodiade

3153 3795 150 20 (Massenet).
3321 3805 28 4 —
3368 3795 25 20 17
3413 3794 24 24 h.
3458 3795 26 20 45
3508 3802 6 14 :
3537 3794 105 21 Matinée
3660 3794 78 22 enfan-

3146 3821 58 24 tine.
3222 3832 29 5 —
3273 3822 25 20 18
3317 3821 24 21 h.
3375 3822 27 20 30
3425 3828 6 15 :
3454 3821 143 25 Symphonie
3628 3821 118 22 italienne

3153 3848 197 21 (Mendelssohn).
3369 3859 27 4 —
3417 3849 24 20 19
3461 3848 24 23 h.
3506 3849 26 20 30
3556 3855 6 17 :
3584 3848 106 23 Journal.
3717 3858 30 7 —

3147 3876 26 20 20
3187 3875 24 23 h.
3231 3882 5 15 :
3256 3875 149 21 Demi-heure
3420 3875 32 21 du
3468 3875 84 23 soldat.
3566 3886 28 5 —
3608 3876 27 20 20
3647 3875 25 21 h.
3687 3876 27 21 30
3732 3882 9 16 :

3146 3903 63 22 Jazz.
3224 3913 28 4 —
3266 3903 25 20 21
3308 3902 24 24 h.
3353 3911 6 14 :
3378 3902 132 23 Orch'stre.
3526 3913 28 5 —
3567 3903 27 20 22
3605 3902 26 24 h.
3650 3909 6 15 :
3673 3903 60 20 Jour-

3146 3929 41 20 nal
3206 3929 71 24 parlé.
3295 3940 28 5 —
3341 3930 27 20 22
3387 3929 23 20 h.
3430 3930 24 20 10
3477 3937 5 13 :
3505 3929 116 21 Sélection
3640 3928 104 23 chantés

3148 3956 29 20 de
3194 3956 74 20 Faust
3288 3956 131 23 (Gounod).

3181 3994 402 21 BRUXELLES-CONFERENCES
3611 3995 81 23 (204,8)

3171 4028 13 21 9
3197 4028 25 23 h.
3242 4033 6 16 :
3265 4028 101 21 Concert
3380 4027 71 24 varié.
3463 4038 29 5 —
3505 4028 12 20 9
3530 4027 24 21 h.
3568 4028 27 21 50
3612 4036 6 15 :
3633 4027 109 23 Concert.

3146 4066 28 4 —
3191 4056 24 20 10
3233 4055 24 22 h.
3274 4055 26 21 30
3322 4060 6 18 :
3349 4054 132 23 Orchestre.
3495 4065 29 4 —
3541 4055 24 20 11
3582 4054 25 23 h.
3623 4054 26 21 30
3670 4061 6 15 :
3696 4054 47 22 Var

3149 4081 77 24 riétés.
3244 4093 28 5 —
3288 4082 25 20 11
3331 4081 25 26 h.
3374 4082 26 20 45
3422 4091 6 14 :
3450 4081 133 23 Orchestre.

3173 4115 303 21 RADIO-SCHAERBEEK
3505 4115 81 26 (204,8)

3174 4149 25 20 13
3218 4148 23 20 h.
3260 4155 6 15 :
3286 4148 80 21 Albert
3382 4148 114 25 Espagne,
3510 4152 78 20 orgue.
3603 4157 28 6 —
3647 4147 26 23 13
3684 4147 49 22 heu-

3147 4180 37 16 res
3203 4175 26 21 55
3251 4182 6 15 :
3279 4175 85 25 OrgUe.
3381 4185 29 4 —
3427 4176 26 19 14
3470 4175 24 20 h.
3517 4182 6 14 :
3544 4175 108 22 Concert.
3669 4184 30 6 —
3715 4167 51 30 JA\£

3145 4202 85 21 heures
3246 4203 28 20 30
3296 4209 6 15 :
3322 4201 111 23 Variétés.
3452 4212 27 4 —
3494 4202 25 20 15
3537 4201 25 24 h.
3584 4208 6 15 :
3609 4201 86 25 Orgue.
3712 4211 31 6 —

3147 4229 24 21 15
3188 4229 26 22 h.
3232 4229 26 21 20
3282 4236 6 14 :
3309 4229 91 21 Chants
3418 4233 45 20 par
3480 4229 52 20 Don
3551 4227 101 24 Alberto.
3669 4238 29 5 —
3715 4227 29 23 18

3144 4256 86 21 heures
3245 4256 26 21 30
3289 4263 6 14 :
3314 4256 86 25 Orgue.
3415 4266 28 4 —
3460 4256 25 20 15
3498 4255 25 23 h.
3539 4256 26 20 55
3584 4261 7 15 :
3608 4255 33 21 Le
3654 4254 89 22 Caviar

3143 4283 32 21 du
3194 4283 87 20 Bassin
3299 4283 106 25 Vergote,
3425 4282 127 24 chronique
3571 4286 44 21 par
3631 4282 111 22 Faustus.

3147 4320 26 5 —
3193 4310 26 20 16
3238 4310 24 20 h.
3286 4316 6 15 :
3315 4314 13 15 «
3350 4309 132 21 L'Enfance
3501 4309 61 21 dans
3582 4309 24 20 la
3626 4308 106 25 Sympho-

3144 4336 40 21 nie
3203 4341 19 18 »,
3241 4335 113 22 sélection
3370 4341 41 16 sur
3431 4336 34 21 les
3483 4335 93 22 dessins
3594 4335 99 27 animés,
3711 4335 31 22 de

3145 4363 62 21 Walt
3226 4363 88 24 Disney
3334 4372 7 15 ;
3363 4363 92 21 l'Arche
3472 4363 30 20 de
3520 4362 56 24 Noé.
3593 4373 29 4 —
3640 4363 26 21 16
3683 4362 53 22 heu-

3143 4395 39 16 res
3201 4390 26 21 15
3253 4397 6 14 :
3282 4390 99 26 Chants,
3402 4394 43 20 par
3464 4390 100 22 Etienne
3583 4389 73 21 Billot
3677 4398 8 16 :
3706 4389 36 22 La
3750 4382 16 29 I

3143 4415 93 25 Chalet;
3255 4417 80 25 Faust,
3352 4416 113 21 sérénade
3478 4418 25 19 et
3518 4416 105 21 rondeau
3637 4416 34 21 du
3678 4420 63 18 veau

3144 4443 55 21 d'or.
3213 4452 30 6 —
3256 4444 26 20 16
3296 4443 23 21 h.
3334 4443 26 21 30
3378 4448 6 16 :
3401 4444 98 22 Danses.

3172 4476 223 21 RADIO-ANVERS
3418 4478 70 21 (202.J
3507 4478 23 19 et
3550 4477 71 26 20Î.1)

3168 4509 12 20 7
3199 4508 24 23 h.
3248 4515 6 15 :
3275 4509 151 24 Programme
3443 4508 71 23 varié.
3531 4518 30 5 —
3578 4509 25 20 10
3618 4508 25 24 h.
3666 4514 6 18 :
3693 4509 36 22 Or-

3142 4535 99 23 chestre.
3255 4546 28 5 —
3297 4535 25 22 12
3335 4535 24 23 h.
3375 4536 25 20 15
3418 4545 6 14 :
3439 4535 113 26 Variétés.
3565 4546 29 5 —
3608 4536 25 20 12
3645 4535 25 21 h.
3683 4536 29 22 45
3724 4539 16 24 J

3143 4562 104 25 Disques.
3267 4572 28 4 —
3316 4562 25 21 19
3361 4562 25 23 h.
3404 4563 27 20 30
3455 4569 6 15 :
3485 4562 106 25 Disques.

3168 4594 219 22 RADIO-BINCHE
3412 4597 82 26 (201,1)

3169 4628 13 20 9
3200 4627 25 21 h.
3245 4634 6 16 :
3270 4628 116 21 Marches.
3403 4639 27 4 —
3445 4630 13 20 9
3474 4629 25 23 h.
3516 4630 26 21 30
3560 4637 6 14 :
3584 4630 111 24 Musette.
3709 4641 32 7 —

3143 4655 26 21 10
3187 4653 26 25 h.
3238 4661 7 16 :
3269 4655 98 21 Danses.
3388 4666 27 4 —
3438 4657 25 20 10
3483 4656 26 26 h.
3531 4657 26 20 30
3579 4663 7 15 :
3610 4657 128 23 Morceaux

3142 4681 134 23 demandés.
3292 4692 28 5 —
3336 4683 24 19 11
3376 4682 25 23 h.
3421 4689 5 14 :
3444 4683 92 21 Chants
3552 4687 44 21 par
3610 4683 56 21 José
3679 4685 61 21 Jan-

3139 4712 44 17 son
3205 4715 7 14 :
3234 4708 64 21 C'est
3318 4709 23 20 la
3364 4709 129 21 barcarolle
3503 4714 6 20 ;
3532 4711 59 20 Mon
3607 4710 51 27 ciel,
3678 4711 59 22 c'est

3141 4735 42 23 toi;
3207 4736 114 24 Pourquoi
3340 4736 88 21 fermer
3447 4738 42 20 ton
3509 4741 65 17 cœur
3584 4742 6 19 ;
3612 4738 40 21 Du
3669 4737 70 23 soleil

3140 4765 41 17 sur
3198 4761 23 21 la
3237 4764 74 21 route.
3328 4773 28 5 —
3372 4764 23 20 11
3413 4763 24 23 h.
3456 4764 25 20 15
3502 4771 6 15 :
3528 4764 57 21 Pills
3601 4765 25 21 et
3640 4765 75 22 Tabet
3725 4772 9 18 :

3140 4788 86 24 Quand
3244 4793 32 17 on
3298 4794 15 16 a
3333 4790 48 20 mal
3400 4795 46 16 aux
3465 4791 70 21 dents
3546 4796 6 19 ;
3572 4792 64 21 C'est
3654 4792 24 22 le
3695 4792 31 22 dé-

3139 4816 40 20 but
3197 4815 70 22 d'une
3283 4818 113 20 aventure
3408 4822 5 19 ;
3433 4818 39 21 On
3487 4819 41 20 n'a
3544 4823 45 21 pas
3606 4819 80 21 besoin
3703 4820 33 22 de

3140 4842 24 21 la
3185 4842 65 25 lune;
3274 4844 81 24 Qu'est
3364 4849 27 16 ce
3411 4846 68 23 qu'on
3500 4846 85 21 attend
3605 4850 60 21 pour
3686 4847 51 22 être

3139 4868 110 23 heureux.
3264 4881 27 5 —
3308 4871 24 20 11
3347 4871 23 22 h.
3387 4872 27 21 30
3433 4881 6 15 :
3458 4873 103 21 Musette
3577 4873 107 22 Gardoni
3706 4884 30 7 —

3141 4897 25 20 12
3185 4896 24 21 h.
3233 4904 6 15 :
3261 4898 99 21 Danses.
3377 4908 28 5 —
3423 4899 26 21 12
3468 4899 17 21 h
3511 4900 27 21 30
3560 4905 7 16 :
3588 4900 99 22 Chants.
3705 4910 32 10 —

3139 4924 25 20 12
3176 4923 26 24 h.
3217 4924 25 20 45
3262 4929 7 18 :
3286 4925 81 21 Bruno
3384 4925 71 24 Clair.
3471 4937 25 4 —
3513 4927 25 20 12
3552 4927 25 23 h.
3591 4928 26 20 55
3636 4934 6 15 :
3660 4928 75 22 Boun»

3138 4954 25 18 se
3182 4950 31 21 de
3232 4951 127 24 Bruxelles.

3166 4983 315 25 RADIO-CHATELINEAU
3505 4988 67 24 (201,1
3591 4988 24 22 et
3634 4989 50 24 200)

3164 5016 26 21 13
3205 5016 24 24 h.
3245 5017 15 21 à
3274 5018 26 20 21
3316 5018 24 22 h.
3360 5025 6 15 :
3385 5018 112 26 Variétés.

3166 5050 156 22 WALLONIA
3342 5053 80 23 (202,3)

3161 5083 25 20 15
3207 5083 25 21 h.
3256 5093 6 15 :
3285 5084 124 23 Chansons
3429 5086 138 25 populaires.
3583 5099 30 6 —
3630 5088 26 21 15
3675 5089 58 23 heu-

3136 5113 38 17 res
3193 5110 26 21 45
3244 5118 6 14 :
3273 5111 88 28 Valses,
3382 5112 89 28 polkas,
3491 5114 124 21 mazurkas
3648 5125 28 6 —
3704 5116 28 23 lf

3136 5135 85 23 heures
3242 5138 25 20 15
3289 5145 7 15 :
3317 5139 32 21 Le
3367 5140 117 24 quintette
3499 5142 63 20 Jean
3578 5135 61 28 Ibds.
3657 5152 28 5 —
3703 5141 29 25 16

3134 5162 85 22 heures
3235 5165 27 20 30
3273 5171 18 14 ^
3305 5165 151 23 Demi-heure
3472 5168 42 22 des
3530 5167 127 24 auditeurs.

3162 5195 170 25 OTTOMONT
3351 5200 61 23 (200)

3160 5230 14 21 9
3193 5230 26 24 h.
3243 5238 7 15 :
3274 5231 107 25 Concert.

3161 5264 261 22 RADIO-ARDENNES
3444 5268 81 26 (287,8)

3161 5297 12 20 7
3190 5298 24 22 h.
3230 5298 15 21 â
3263 5299 24 20 17
3302 5299 24 23 h.
3345 5305 8 17 :
3372 5299 100 22 Cono-rt
3488 5301 70 24 -TUle.
3636 5308 5 11 .
3660 5310 8 10 .

3598 5331 70 21 ***!•
