3788 5486
1714 183 78 23 VERS
1814 183 142 26 L'AVENIR
1972 195 31 7 —
2020 185 28 23 27
2065 183 62 25 MAT

95 245 72 62 Au
196 265 115 56 pays
339 248 57 62 de
424 249 241 61 Gembloux

119 353 69 26 Avec
202 355 24 24 la
239 355 146 26 chrétienté
398 358 73 23 toute
485 358 106 27 entière,
605 357 63 25 Gem-

82 382 80 29 bloux
180 386 131 25 célébrera
327 387 103 25 demain
447 388 25 24 la
492 388 54 24 fête
564 389 32 24 de
613 387 66 25 l'Es-

82 416 154 31 prit-staint.
257 418 34 24 Ce
310 425 61 18 sera
388 419 91 24 double
498 419 54 24 fête
570 426 66 22 pour
653 419 25 23 la

83 448 120 27 .paroisse
221 456 52 21 car,
291 456 62 18 avec
371 449 36 26 les
426 450 158 24 cérémonies
602 450 32 24 de
653 449 24 24 la

82 477 141 27 Pentecôte
237 480 147 24 coïncident
394 480 76 25 celles
483 481 31 24 de
527 480 24 24 la
563 479 115 25 Premiè-

82 508 173 29 Çommunion
269 511 144 24 solennelle.
428 511 35 24 M.
478 512 22 25 le
514 511 81 28 doyen
612 511 54 24 Lau

82 542 64 24 rent
160 548 16 17 a
192 544 62 22 tenu
269 542 16 25 à
299 543 124 28 préparer
438 542 131 25 lui-même
584 542 36 24 les
635 548 31 17 en

82 571 78 29 ifants
175 573 17 24 ù
207 580 29 18 ce
252 573 84 30 grand
353 573 69 29 jour.
456 573 36 25 Le
509 573 105 24 nombre
631 573 45 24 des

81 604 131 29 premiers
228 604 190 24 communiants
435 605 44 27 qui
498 604 73 27 était,
590 603 19 25 il
625 610 18 22 y
659 610 17 17 a

82 635 125 29 quelques
245 635 95 24 années
361 635 32 23 de
430 634 192 30 quatre-vingts
660 633 16 24 à

81 667 116 23 Ivonante
214 668 40 23 est
272 665 94 29 tombé,
400 667 68 23 cette
483 665 82 24 année
582 665 16 24 à
615 671 50 22 qua-

81 696 157 29 rante-huit,
275 697 63 24 dont
359 696 67 25 deux
446 696 31 25 de
498 696 24 24 la
559 696 116 29 paroisse

79 727 105 26 voisine
203 728 131 28 d'Ernage
359 734 6 18 :
406 727 84 24 indice
511 734 50 17 non
582 733 48 23 que
650 726 25 25 la

81 755 41 28 foi
138 759 39 27 ait
193 758 116 25 diminué
327 758 65 24 dans
410 760 73 22 notre
500 757 91 29 région
608 757 67 24 mais

80 789 62 29 qu'à
161 788 139 25 Gembloux
321 795 97 19 comme
436 788 107 24 ailleurs
563 788 24 25 la
606 788 68 24 crise

80 820 33 24 de
132 819 110 26 natalité
260 826 16 18 a
293 819 52 25 fait
363 826 42 18 ses
424 826 117 21 ravages.

114 880 95 28 Mardi,
245 881 75 24 notre
338 880 52 24 cité
406 879 146 25 millénaire
585 887 15 17 a
620 879 54 25 fêté

78 917 50 20 Bon
147 912 149 24 fondateur.
318 911 36 24 La
374 911 149 29 procession
543 918 31 17 en
595 911 68 24 l'hon-

76 949 70 19 neur
163 942 32 25 de
214 941 198 26 Saint-Guibert
429 942 44 29 qui
493 942 88 25 devait
600 942 75 24 avoir

77 973 55 26 lieu
148 981 29 17 ce
192 973 137 25 dimanche
344 980 16 18 a
394 973 41 24 été
453 973 96 26 remise
565 973 16 24 à
597 980 77 18 cause

78 1005 34 25 de
130 1005 25 24 la
192 1004 133 24 Première
345 1003 170 26 Communion
552 1004 76 28 mais,
649 1004 25 24 la

76 1036 63 26 nuit
153 1035 32 25 de
201 1035 72 25 lundi
290 1035 16 24 à
337 1034 93 29 mardi,
446 1035 23 25 le
503 1035 171 25 traditionnel

78 1067 151 30 pèlerinage
266 1067 126 25 nocturne
413 1069 97 22 autour
546 1066 32 25 de
601 1066 63 25 Gem-

76 1098 80 26 bloux
173 1106 17 17 a
209 1098 75 24 réuni
302 1097 33 25 de
353 1097 143 25 nombreux
513 1097 88 25 fidèles
620 1098 53 29 qui,

76 1130 123 25 conduits
216 1136 48 22 par
298 1129 37 24 M.
354 1129 25 24 le
395 1129 98 24 vicaire
512 1129 116 25 Burteau
648 1131 26 22 et

77 1167 64 19 sous
158 1167 35 18 un
210 1160 48 25 ciel
276 1160 130 28 constellé,
443 1162 60 22 sont
520 1160 63 25 allés
603 1161 71 24 invo-

57 1205 12 5 -
79 1198 65 24 quer
162 1192 25 25 le
204 1192 71 24 saint
293 1192 85 24 moine
396 1198 67 22 pour
480 1191 62 29 qu'il
561 1192 79 24 rende
659 1191 15 25 à

77 1225 78 23 notre
171 1222 59 25 ville
245 1229 35 18 un
297 1229 70 18 cœur
381 1222 49 25 fier
447 1224 27 24 et
490 1229 50 19 une
556 1223 39 26 foi
611 1222 52 25 vail-

77 1252 81 29 lante.

366 1302 11 11 *
387 1302 11 11 •

113 1315 38 26 La
174 1314 66 26 belle
277 1315 122 29 jeunesse
420 1315 32 25 de
492 1314 183 26 Grand-Manil

77 1346 122 26 travaille
234 1346 157 26 activement
411 1345 16 26 à
443 1346 27 25 la
506 1346 168 30 préparation

77 1377 88 27 d'une,
177 1377 100 30 grande
299 1376 57 26 fête
376 1377 78 25 d'été.
494 1377 48 26 Ces
566 1378 98 28 réjouis-

79 1416 91 18 sances
192 1408 113 26 inédites
325 1408 107 25 doivent
452 1408 58 25 voir
529 1408 146 29 triompher

77 1439 27 26 la
118 1440 84 24 bonne
218 1440 110 24 humeur
342 1441 27 23 et
382 1439 25 24 la
422 1439 54 29 joie
490 1441 35 27 et,
538 1447 30 18 ce
582 1439 44 31 qui
642 1446 32 18 ne

77 1471 59 26 leur
152 1471 84 25 donne
252 1477 49 24 que
315 1470 59 30 plus
389 1470 132 30 d'intérêt,
538 1470 60 25 elles
615 1471 59 24 sont

77 1503 153 29 organisées
250 1510 34 18 au
304 1502 80 30 profit
418 1502 33 25 de
469 1502 26 25 la
515 1502 63 24 salle
596 1502 78 24 d'œu-

76 1541 63 19 vres
158 1534 94 26 Sainte
274 1533 144 26 Elisabeth.
439 1533 58 25 Une
517 1534 64 24 belle
602 1533 62 29 jour-

76 1566 51 25 née
146 1573 34 18 en
198 1566 161 29 perspective
396 1567 26 24 et
443 1572 67 19 nous
528 1566 146 29 prévoyons

77 1604 52 23 que
151 1597 100 24 maints
274 1596 177 25 Gembloutois
476 1597 71 25 iront
570 1597 92 24 deman-

76 1628 50 24 der
139 1628 170 29 l'hospitalité
323 1628 18 24 à
370 1634 48 18 nos
432 1627 100 26 voisins
549 1635 66 22 pour
630 1634 32 18 ou-

77 1659 68 26 blier
161 1658 130 26 ensemble
308 1658 70 25 leurs
396 1658 94 25 soucis.

355 1707 12 11 •
375 1706 13 12 *

113 1720 137 28 Mercredi,
293 1720 113 24 l'atelier
447 1719 227 30 d'apprentissage

76 1751 65 26 s'est
157 1751 88 29 évadé,
260 1751 16 24 à
293 1751 25 24 la
334 1751 70 25 suite
418 1751 33 24 de
467 1758 29 18 sa
512 1751 161 29 compétente

75 1785 29 24 et
120 1782 112 25 dévouée
250 1782 146 29 directrice,
413 1782 61 24 Mlle
489 1782 101 25 Jeanne
609 1782 63 24 Bar-

75 1813 57 30 ker,
149 1820 61 18 vers
228 1813 46 25 des
309 1814 106 28 rivages
435 1813 152 25 ensoleillés.
624 1813 49 25 Ces

75 1845 164 26 demoiselles
277 1847 60 23 sont
359 1844 118 25 rentrées
517 1844 155 25 enchantées

74 1877 36 25 de
127 1877 58 24 leur
203 1883 100 22 voyage
323 1876 17 24 à
360 1876 120 27 Ostende,
516 1877 156 27 rapportant

74 1915 65 20 avec
156 1908 33 25 de
205 1908 96 29 joyeux
319 1907 137 25 souvenirs
474 1907 24 24 le
515 1908 91 27 regret
621 1913 49 22 que

66 1938 49 28 ■les
130 1939 75 30 jours
223 1946 34 18 ne
273 1938 85 25 soient
391 1945 48 22 pas
454 1937 47 25 des
534 1937 137 27 semaines,

73 1970 134 26 certaines
223 1969 88 25 disent
325 1969 85 25 même
424 1969 46 24 des
485 1969 73 33 moig.

357 2017 12 12 •
377 2017 12 11 »

110 2032 37 25 Et
163 2031 69 25 voici
268 2038 110 17 revenus
398 2030 37 25 les
471 2030 83 24 beaux
588 2029 82 29 jours.

75 2063 144 25 Gembloux
235 2069 116 23 rayonne
368 2069 61 17 sous
448 2061 24 25 le
488 2061 73 24 soleil
580 2061 44 28 qui
642 2067 28 17 se

76 2095 84 29 glisse
178 2094 66 24 dans
263 2100 49 18 nos
330 2100 62 17 rues
414 2094 156 27 tortueuses,
592 2091 79 24 entr'-

75 2127 114 24 ouvrant
210 2125 37 25 les
269 2125 118 24 fenêtres
408 2127 26 22 et
457 2123 101 25 faisant
579 2123 80 25 débor-

74 2157 49 25 der
138 2157 35 24 de
188 2157 42 24 vie
249 2156 24 24 le
289 2163 71 18 cœur
378 2155 31 25 de
441 2155 107 25 chacun.
569 2154 89 25 Délais-

74 2189 63 25 sant
154 2194 49 19 nos
221 2187 119 28 lecteurs,
359 2188 109 28 partons
485 2186 18 25 à
520 2188 105 23 travers
643 2185 25 25 la

58 2237 5 12 ,
74 2225 151 24 campagne,
241 2218 72 25 droit
328 2218 95 25 devant
440 2224 97 18 nous...

564 2248 27 24 Z.
607 2247 28 26 Z.

289 2300 157 17 --/\/S/N^—
445 2307 7 5 -

130 2337 143 68 Echos
314 2344 60 60 du
416 2343 202 62 Condroz

104 2454 23 26 A
144 2453 86 27 Ciney.
246 2462 33 6 —
295 2452 36 23 La
350 2452 39 22 vie
407 2451 31 23 de
457 2451 25 23 la
500 2450 125 24 semaine.
639 2461 32 5 —

73 2483 150 24 L'accident
246 2482 119 27 tragique
389 2481 45 27 qui
466 2486 17 18 a
504 2481 110 26 marqué
644 2480 24 24 le

73 2519 100 22 voyage
181 2527 4 5 -
191 2514 47 22 des
257 2512 130 23 membres
407 2512 33 23 de
458 2511 28 23 la
509 2511 160 23 Conférence

74 2545 35 23 de
125 2544 198 23 Saint-Vincent
340 2543 34 23 de
393 2542 72 27 Paul,
482 2542 46 26 qui
546 2541 124 24 s'étaient

75 2575 100 24 rendus
189 2574 17 23 à
218 2574 109 26 Dinant,
342 2573 26 23 le
382 2573 60 26 jour
457 2573 33 23 de
503 2572 167 26 l'Ascension,

75 2610 21 19 a
114 2605 80 23 causé
212 2604 70 23 dans
301 2604 76 22 notre
398 2602 59 23 ville
479 2607 52 18 une
554 2602 116 23 émotion

77 2635 57 25 très
148 2635 65 22 vive.

104 2666 53 23 Dès
166 2664 97 28 .qu'elle
279 2665 43 22 fut
335 2669 109 22 connue,
458 2663 28 23 la
502 2663 118 23 nouvelle
637 2663 32 22 de

75 2701 34 19 ee
123 2696 77 23 triste
213 2695 156 23 événement
382 2694 34 23 fit
430 2693 92 27 l'objet
535 2694 34 22 de
581 2693 88 23 toutes

74 2726 42 24 les
140 2725 196 24 conversations
356 2726 30 22 et
410 2724 104 24 chacun
536 2723 131 27 plaignait

74 2756 179 24 sincèrement
274 2756 25 22 le
323 2755 122 23 malheur
467 2754 52 27 qui,
545 2759 49 22 par
616 2759 51 19 une

75 2787 227 22 malencontreuse
317 2785 112 25 fatalité,
446 2785 88 23 s'était
548 2785 111 26 brusque-

75 2817 76 23 ment
159 2816 98 28 .abattu
272 2820 45 20 sur
332 2816 68 22 deux
413 2815 113 24 familles
541 2816 117 25 respecta-

75 2847 63 22 bles.

108 2883 14 16 «
141 2877 63 23 Vers
221 2876 114 23 l'Avenir
355 2882 13 15 »
389 2881 16 17 a
426 2876 123 26 rapporté
571 2875 36 24 les
628 2875 43 23 dé-

70 2907 67 27 jtails
161 2907 34 22 de
218 2912 30 17 ce
274 2906 157 26 regrettable
458 2906 126 23 accident.
609 2906 58 22 Aux

74 2937 135 24 dernières
219 2936 141 26 nouvelles,
374 2941 69 19 nous
457 2941 149 22 apprenons
620 2940 50 22 que

73 2967 77 24 l'état
161 2968 33 22 de
209 2967 35 23 M.
254 2967 96 26 -Navet,
364 2967 137 27 président
515 2967 33 22 de
562 2966 27 23 la
603 2966 55 23 Con-

75 2999 104 21 férence
192 2998 32 22 de
233 2997 200 24 Saint-Vincent
443 2998 33 22 de
485 2997 66 23 Paul
562 2997 29 23 et
601 2997 68 23 celui

74 3029 34 23 de
125 3033 50 18 son
193 3028 125 25 confrère,
334 3028 36 22 M.
388 3027 91 23 Albert
494 3027 95 26 Judon,
608 3027 62 23 sont

75 3059 56 23 très
150 3058 182 24 satisfaisants
354 3060 27 22 et
401 3062 49 22 que
472 3057 25 23 le
517 3057 85 23 moral
623 3057 47 23 des

73 3089 72 26 deux
161 3088 120 23 victimes
302 3090 42 22 est
361 3087 134 24 excellent.

104 3119 41 23 En
176 3123 44 19 ces
235 3124 12 8 -
256 3119 91 23 tristes
372 3118 201 25 circonstances,
602 3122 67 18 nous

73 3149 143 24 adressons
243 3149 170 26 l'expression
441 3149 33 22 de
505 3149 77 22 notre
612 3148 56 22 vive

76 3179 150 27 sympathie
248 3184 53 18 aux
320 3179 69 23 deux
409 3178 98 24 blessés
528 3179 29 22 et
577 3178 17 23 à
614 3177 57 23 leur

77 3209 100 22 famille
197 3210 29 22 et
245 3214 69 18 nous
333 3209 121 23 formons
473 3208 37 23 les
531 3213 77 18 vœux
631 3208 38 22 les

56 3258 6 4 .
74 3240 63 26 plus
155 3239 113 24 sincères
287 3244 66 21 pour
370 3239 25 23 le
416 3239 211 23 rétablissement
644 3238 24 23 le

76 3270 60 26 plus
153 3269 114 27 complet
284 3269 113 27 possible
416 3269 46 23 des
480 3269 69 22 deux
566 3273 92 22 sympa-

76 3299 106 27 thiques
199 3299 133 23 victimes.-

366 3332 12 12 *

345 3353 5 5 .
356 3347 12 13 •
375 3347 13 13 «

109 3360 81 27 Après
209 3360 24 22 la
249 3364 150 19 manœuvre
417 3360 31 22 de
465 3360 145 26 protection
628 3363 31 18 aé-

78 3390 97 23 rienne.
186 3401 33 5 —
230 3390 22 22 A
264 3390 29 22 la
306 3390 67 22 suite
388 3390 48 22 des
449 3394 168 18 manœuvres
630 3389 28 22 ré-

75 3421 91 23 centes
183 3420 34 23 de
232 3420 147 26 protection
399 3419 129 28 aérienne,
544 3419 28 22 la
589 3419 79 26 Ligue

76 3450 83 25 locale
173 3451 33 23 de
219 3450 82 26 Ciney
318 3455 17 18 a
348 3450 52 23 fait
414 3449 101 27 publier
528 3449 75 23 l'avis
618 3449 42 22 sui-

76 3483 68 23 vant
161 3485 8 19 :

69 3521 3 6 -
108 3516 15 17 «
134 3511 49 23 Les
197 3511 148 23 conditions
359 3509 224 27 atmosphériques
597 3509 62 23 défa-

76 3541 121 24 vorables
230 3541 49 23 ont
311 3539 124 27 empêché
471 3539 117 23 l'arrivée
624 3539 46 23 des

77 3572 92 22 avions
188 3571 97 26 prévus
306 3575 67 22 pour
392 3570 28 22 la
441 3574 153 18 manœuvre
620 3574 7 17 :
650 3568 21 23 il

75 3602 64 23 n'en
157 3602 43 23 est
219 3606 49 21 pas
286 3600 86 25 moins
391 3600 58 22 vrai
466 3604 50 22 que
538 3599 24 23 le
579 3599 90 23 thème

78 3630 109 28 général
203 3631 38 25 du
260 3630 118 24 scénario
398 3634 83 22 conçu
503 3629 43 23 fut
564 3628 107 24 exécuté

77 3661 70 23 dans
159 3666 51 18 son
223 3660 138 24 ensemble.

106 3691 73 24 Nous
191 3691 157 23 remercions
363 3690 28 23 la
403 3689 155 27 population
570 3689 32 23 de
616 3688 45 24 l'ef-

78 3722 56 23 fort
145 3721 53 23 fait
210 3725 34 19 en
255 3725 49 18 vue
321 3720 32 23 de
367 3719 114 23 faciliter
493 3719 77 23 notre
584 3719 87 23 tâche.

77 3751 142 25 Toutefois,
234 3755 69 18 nous
314 3750 98 23 devons
426 3749 61 23 bien
500 3749 55 22 dire
570 3753 49 22 que
631 3749 39 23 les

78 3781 149 23 circulaires
241 3780 157 23 distribuées
414 3780 18 22 à
446 3780 101 25 chaque
563 3779 61 23 chef
637 3779 33 22 de

58 3831 3 5 ,
79 3810 107 27 famille,
207 3815 34 19 ne
273 3810 91 23 furent
392 3814 50 23 pas
470 3809 203 26 complètement

79 3842 142 25 comprises
235 3846 7 17 :
256 3840 160 24 occultation
429 3840 47 22 des
486 3839 128 25 lumières,
625 3843 37 19 no-

78 3871 139 26 tamment,
232 3875 34 19 ne
285 3870 102 27 signifie
405 3875 49 22 pas
472 3869 151 23 extinction.

108 3902 49 22 Les
175 3901 140 24 habitants
335 3900 124 24 devaient
477 3904 136 19 conserver
635 3898 37 23 les

78 3931 123 24 lumières
212 3930 158 24 habituelles
383 3935 34 18 en
428 3932 83 24 ayant
522 3929 57 23 soin
591 3929 33 22 de
637 3934 34 17 ne

78 3961 95 24 laisser
187 3961 72 23 fllter
277 3965 87 19 aucun
380 3964 83 22 srayon
485 3960 16 23 à
518 3959 153 25 l'extérieur,

80 3992 53 23 soit
143 3996 59 21 vers
213 3992 28 23 la
253 3991 102 28 façade,
369 3990 52 24 soit
431 3995 59 18 vers
499 3989 40 23 les
552 3993 75 19 cours
638 3993 34 18 ou

79 4022 111 27 jardins,
204 4021 55 23 ceci
268 4025 68 22 pour
350 4025 49 21 que
411 4020 28 23 la
451 4020 42 22 vie
504 4018 119 24 normale
636 4023 35 18 ne

58 4051 75 24 -soit
145 4056 51 22 pas
209 4050 130 24 entravée.
355 4050 107 23 D'autre
475 4050 69 26 part,
558 4049 38 23 les
612 4048 50 23 sirè-

79 4086 50 19 nes
141 4086 34 18 ne
189 4081 146 23 donnaient
345 4085 51 21 pas
409 4080 26 22 le
450 4079 86 27 signal
550 4079 113 23 d'extinc-

79 4111 59 23 tion
158 4111 69 22 mais
246 4110 61 23 bien
329 4109 68 23 celui
425 4109 34 23 de
486 4109 118 22 l'arrivée
626 4108 46 22 des

74 4141 105 24 "avions.
195 4140 24 23 H
230 4140 69 23 était
314 4140 109 23 interdit
436 4139 105 23 d'avoir-
546 4138 33 23 de
590 4137 35 24 la'
634 4137 39 23 lu-

80 4172 80 21 mière
179 4170 88 23 visible
287 4170 35 22 du
341 4170 94 22 dehors
454 4169 98 22 durant
569 4168 27 22 la
613 4167 59 23 nuit

82 4201 98 22 entière
198 4200 37 22 du
253 4199 28 23 12
300 4204 34 17 au
354 4199 28 23 13
399 4199 61 22 mai.

78 4231 6 4 "
111 4230 71 23 Nous
194 4229 157 24 remercions
365 4229 59 22 tous
440 4233 65 18 ceux
515 4228 45 26 qui
572 4233 27 17 se
613 4229 60 22 sont

81 4260 113 23 dévoués
209 4259 102 26 Jusqu'à
323 4258 60 22 bien
398 4258 61 22 tard
470 4262 67 22 pour
548 4257 25 22 le
586 4257 76 22 trans-

82 4291 63 26 port
159 4290 29 22 et
202 4289 39 23 les
258 4288 71 23 soins
348 4288 16 22 à
381 4288 101 22 donner
499 4291 51 18 aux
565 4287 110 25 pseudo-

69 4328 6 13 i
82 4319 100 25 blessés
206 4323 33 18 ou
269 4318 82 26 gazés.
378 4317 75 22 Cette
479 4321 152 17 manoeuvre
654 4319 20 19 a

82 4349 99 29 prouvé
205 4348 77 26 qu'en
306 4352 46 18 cas
375 4347 33 23 de
433 4346 100 26 danger
556 4345 53 23 réel
631 4350 43 18 ces

83 4378 99 24 blessés
202 4378 122 23 auraient
340 4381 36 22 pu
396 4376 114 23 recevoir
527 4376 25 22 le
571 4379 103 18 secours

83 4408 78 25 voulu
182 4413 35 18 en
237 4408 87 25 temps
342 4406 71 23 utile.
433 4411 14 16 »

55 4435 11 5 "
76 4441 32 12 --.
114 4446 9 5 .
140 4442 77 9 ...
373 4438 13 13 »

114 4469 48 23 Les
179 4469 111 22 travaux
309 4454 124 40 d'égoûts.
452 4478 33 4 —
499 4465 49 23 Les
564 4465 112 22 travaux

81 4495 188 27 actuellement
288 4502 36 18 en
345 4500 77 19 cours
449 4500 29 17 se
506 4493 171 27 poursuivent

79 4528 203 25 normalement.
299 4527 36 23 Le
352 4526 108 22 dessous
479 4525 31 22 de
529 4524 28 23 la
573 4528 46 18 rue
639 4523 36 22 du

84 4560 150 24 Commerce
249 4558 42 23 est
307 4556 113 24 terminé
437 4556 29 22 et
481 4554 61 23 d'ici
561 4555 17 22 à
594 4553 29 23 la
637 4553 40 22 fln

82 4591 34 22 d3
132 4590 27 23 la
176 4588 116 24 semaine
306 4605 12 5 .
348 4591 65 22 pose
428 4585 37 23 du
480 4583 140 25 collecteur
637 4583 31 23 at-

81 4621 108 23 teindra
203 4619 28 23 la
248 4623 48 18 rue
311 4617 37 23 du
366 4617 49 22 Pré
431 4614 193 24 Sainte-Barbe,
640 4613 35 23 le

82 4650 166 24 /■i-eusement
263 4649 46 23 des
321 4647 142 25 tranchées
475 4646 43 24 est
534 4649 72 19 assez
619 4643 57 23 lent

82 4686 79 23 parce
182 4679 63 28 qu'il
267 4679 56 23 doit
343 4677 146 24 s'effectuer
511 4680 34 18 en
566 4675 44 23 cet
631 4678 35 18 en-

82 4712 71 23 droit
168 4711 67 24 dans
250 4709 28 23 la
292 4709 86 27 pierre
392 4708 72 26 dure,
479 4711 31 18 ce
526 4706 45 26 qui
587 4704 78 23 néces-

83 4742 51 24 site
147 4741 17 24 à
167 4741 72 29 /tout
251 4740 64 23 bout
326 4739 34 23 de
375 4738 97 26 champ
485 4735 112 27 l'emploi
607 4735 58 23 d'ex-

82 4772 94 28 plosifs
193 4770 123 24 brisants.

113 4803 22 25 A
146 4801 188 24 l'intersection
346 4799 46 23 des
406 4803 60 18 rues
479 4797 34 23 du
525 4796 150 23 Commerce

83 4833 30 25 et
124 4833 46 23 des
183 4831 151 26 Tanneries,
350 4829 25 23 le
388 4828 91 24 bassin
493 4828 36 22 du
545 4825 130 24 déversoir

82 4863 106 27 d'orage
201 4865 43 22 est
256 4860 113 24 terminé
385 4860 28 23 et
428 4858 68 23 cette
513 4856 85 28 partie
616 4860 58 18 sc-a

83 4893 149 28 également
250 4891 127 24 terminée
397 4889 72 24 cette
487 4887 124 24 semaine.

111 4925 40 22 La
169 4929 63 22 pose
253 4923 46 23 des
322 4921 152 25 collecteurs
495 4923 98 19 avance
615 4917 59 23 bien

57 4952 9 9 "
86 4954 72 24 aussi
174 4959 47 19 rue
234 4954 48 23 des
294 4952 120 24 Stations
430 4950 35 24 où
478 4949 26 24 le
516 4948 102 24 terrain
634 4948 42 22 est

84 4984 149 27 également
246 4984 114 23 rocheux
373 4983 29 23 et
415 4980 107 24 difficile
535 4980 17 22 à
565 4982 110 20 creuser.

114 5015 77 19 rnfln
214 5015 29 23 la
266 5014 114 24 solution
406 5013 32 23 de
462 5009 146 25 continuité
631 5007 45 27 qui

84 5046 108 25 existait
203 5050 94 19 encore
313 5044 68 27 Quai
395 5043 32 24 de
441 5041 150 25 l'Industrie
610 5043 65 19 aura

87 5075 101 25 bientôt
197 5076 107 26 disparu
318 5076 29 23 et
360 5074 40 24 les
412 5076 112 22 travaux
536 5070 140 25 marchent

86 5106 148 27 également
249 5106 60 24 bien
323 5106 17 23 à
351 5106 43 23 cet
409 5104 103 24 endroit
524 5101 100 27 malgré
638 5101 38 23 les

78 5136 148 24 -difficultés
245 5141 48 22 que
312 5137 205 25 l'entrepreneur
538 5132 137 24 rencontre

88 5172 33 18 en
135 5169 41 22 cet
187 5168 102 24 endroit
303 5168 35 23 du
350 5167 62 25 chef
423 5171 50 22 que
485 5166 38 22 les
535 5162 141 25 tranchées

89 5199 61 22 sont
167 5199 192 23 constamment
377 5202 61 18 sous
459 5196 75 24 l'eau.

118 5227 51 23 Dès
193 5232 50 22 que
264 5233 30 18 ce
319 5228 120 23 bouchon
464 5230 65 19 aura
553 5224 116 25 disparu,

88 5256 248 27 l'égout'coUecteur
350 5259 47 26 qui
408 5258 82 26 reçoit
504 5257 61 22 tous
576 5254 41 23 les
628 5256 38 19 au-

90 5287 55 22 tres
164 5292 94 21 pourra
280 5288 55 23 être
358 5289 51 22 mis
431 5292 34 19 en
488 5285 107 25 service;
618 5282 59 27 cela

88 5318 141 21 •ermettn
238 5325 7 13 i
255 5323 15 17 a
297 5318 201 23 l'entrepreneur
522 5316 31 22 de
577 5314 95 25 mettsv;

707 243 112 24 aussitôt
836 248 33 17 en
887 243 106 23 activité
1012 244 33 22 de
1063 244 131 24 nouvelles
1215 245 73 26 briga-

706 274 46 22 des
784 273 140 22 d'ouvriers
954 273 187 26 spécialement
1173 276 125 25 chargées

704 303 119 23 d'établir
841 303 38 22 les
901 304 209 23 raccordements
1133 306 164 25 particuliers

705 334 45 23 d.-o
763 333 153 22 Immeubles
930 333 65 24 dont
1010 334 37 22 les
1064 336 183 25 propriétaires
1261 336 36 22 lui

704 365 47 21 ont
769 363 83 23 confié
872 363 160 23 l'exécution.

731 393 70 26 Bref,
819 398 34 17 on
870 395 63 24 peut
952 399 27 18 se
995 395 116 23 déclarer
1129 397 118 23 satisfait
1264 396 31 22 de

702 424 26 22 la
744 423 108 22 marche
871 423 31 22 de
923 423 161 27 l'entreprise
1105 426 44 25 qui
1168 426 50 22 fait
1236 426 58 22 bien

702 458 111 21 augurer
831 453 32 22 de
879 458 31 18 sa
927 453 85 23 bonne
1027 455 37 21 fin
1082 456 148 25 prochaine.

984 503 10 10 •
1004 502 11 11 •

733 513 114 26 Congrès
867 514 200 27 eucharistique.
1088 526 31 4 —
1139 516 69 22 C'est
1248 521 48 17 ans

700 543 26 22 la
738 543 116 25 paroisse
867 543 32 22 de
908 543 115 23 Pessoux
1036 545 108 25 qu'aura
1155 546 59 25 lleu,
1225 547 67 22 cette

699 572 91 24 année,
817 572 27 23 la
869 574 202 24 manifestation
1099 575 192 26 eucharistique

697 602 36 22 du
749 602 118 26 doyenné
883 603 32 23 de
933 603 87 26 Clney.
1037 605 35 21 La
1087 605 62 23 date
1166 610 32 17 en
1216 610 15 17 a
1249 606 42 21 été

702 632 66 22 fixée
784 637 33 17 au
833 633 14 22 9
862 633 92 25 juillet.

728 662 47 22 Les
796 663 158 22 cérémonies
976 664 31 22 de
1028 664 25 22 la
1074 664 107 26 journée
1205 665 89 22 seront

698 692 131 26 présidées
849 698 48 21 par
914 693 58 26 Mgr
992 693 95 25 Cawet,
1105 695 95 25 évêque
1218 695 64 21 coad-

698 722 89 25 juteur
799 723 32 22 de
846 723 106 22 Namur.

728 753 67 25 Déjà
807 753 37 22 les
855 753 159 26 paroissiens
1026 754 31 22 de
1069 754 113 23 Pessoux
1195 760 27 17 se
1238 755 44 26 pré-

699 785 98 23 parent
820 787 67 22 pour
909 783 232 24 l'ornementation
1167 785 36 22 du
1228 790 50 21 par-

697 817 75 18 cours
788 818 49 21 que
853 814 119 24 suivront
989 815 22 22 le
1028 814 103 26 cortège
1149 816 27 22 et
1192 815 24 22 la
1234 820 48 21 pro-

700 843 101 22 cession
819 844 34 22 du
874 844 27 22 T.
919 844 27 22 S.
961 844 161 24 Sacrement.

727 873 50 22 Nul
796 873 80 23 doute
897 879 48 21 que
966 880 30 18 ce
1016 880 59 18 sera
1095 881 51 18 une
1169 876 113 23 manifes-

698 903 85 22 tation
802 904 158 26 triomphale
980 906 77 25 digne
1079 906 32 22 de
1133 911 41 18 ses
1198 907 84 23 devan-

699 933 81 24 cières
793 935 28 22 et
834 939 48 22 que
896 934 26 23 la
933 935 155 26 population
1100 937 32 23 de
1148 938 69 22 cette
1229 937 64 24 belle

701 968 136 19 commune
861 965 34 23 de
920 965 114 23 Pessoux
1055 968 99 22 mettra
1180 968 59 23 tout
1262 973 33 17 en

696 999 89 18 œuvre
808 1000 67 21 pour
899 995 115 24 célébrer
1039 997 154 26 dignement
1217 1000 69 22 cette

699 1024 88 26 pieuse
812 1025 115 26 journée.

728 1085 138 28 Chômage.
881 1097 32 5 —
926 1086 33 23 Le
978 1087 108 24 nombre
1104 1089 32 23 de
1154 1089 137 23 chômeurs

698 1120 16 17 a
731 1116 140 26 augmenté
889 1116 67 23 dans
972 1117 33 24 de
1020 1118 54 23 très
1091 1118 82 24 fortes
1187 1124 96 22 propor-

701 1145 70 24 tions
787 1146 16 23 à
817 1146 81 26 Ciney
911 1150 28 21 et
951 1148 69 23 dans
1032 1150 28 22 la
1073 1149 96 26 région,
1184 1150 35 23 du
1234 1150 61 22 chef

699 1175 31 23 de
752 1176 27 23 la
803 1176 142 24 fermeture
966 1179 184 23 momentanée
1173 1179 33 23 de
1230 1179 54 23 l'im-

696 1207 123 24 portante
832 1207 75 23 usine
920 1208 47 23 des
980 1208 96 27 Forges
1091 1209 32 24 de
1139 1209 87 27 Ciney.
1241 1211 39 21 An-

698 1237 99 23 noncée
823 1237 107 23 d'abord
955 1243 100 18 comme
1087 1240 99 22 devant
1216 1240 78 23 durer

698 1266 120 26 jusqu'au
835 1267 27 23 15
877 1268 62 25 mal,
954 1269 71 23 cette
1039 1270 156 26 suspension
1210 1270 82 23 totale

699 1297 35 22 du
751 1297 95 23 travail
864 1302 16 18 a
896 1298 34 23 dû
946 1298 55 24 être
1018 1300 139 26 prolongée
1173 1301 119 26 jusqu'au

698 1327 29 22 30
748 1327 62 23 mai.

726 1357 36 23 Ce
775 1358 127 27 chômage
918 1361 41 21 est
974 1360 36 22 dû
1027 1361 17 23 à
1062 1360 26 23 la
1103 1362 84 22 morte
1203 1361 88 23 saison

700 1388 121 23 annuelle
838 1389 68 23 mais
923 1390 74 22 aussi
1012 1391 28 22 et
1058 1392 105 23 surtout
1182 1392 16 23 à
1215 1391 28 24 la
1260 1392 24 22 si-

699 1418 105 23 tuation
829 1419 205 24 internationale
1061 1421 44 26 qui
1127 1426 16 18 a
1166 1421 52 23 fait
1242 1427 41 17 res-

700 1448 115 24 treindre
835 1449 33 23 de
891 1449 135 27 beaucoup
1046 1450 38 24 les
1108 1451 101 26 achats,
1234 1452 59 26 plus

699 1478 188 26 spécialement
906 1485 32 17 en
961 1480 104 24 articles
1084 1481 31 23 de
1134 1481 59 23 luxe
1212 1482 29 23 et
1259 1487 34 17 en

699 1509 105 23 articles
828 1510 45 26 qui
896 1515 34 18 ne
953 1511 62 23 sont
1036 1516 50 21 pas
1108 1511 33 25 de
1165 1512 127 26 première

698 1539 136 23 nécessité.

726 1569 129 26 Espérons
886 1575 49 21 que
963 1571 199 24 l'amélioration
1190 1573 44 26 qui
1264 1578 27 18 se

698 1600 141 22 manifeste
862 1601 68 22 dans
960 1601 27 22 la
1011 1602 128 23 situation
1169 1603 123 23 amènera

699 1634 51 19 une
768 1630 85 23 bonne
872 1631 97 26 reprise
985 1632 35 22 de
1038 1633 76 22 notre
1131 1633 161 25 importante

698 1660 74 22 usine
787 1660 82 23 locale
882 1666 67 21 pour
960 1661 25 23 le
996 1662 59 25 plus
1069 1663 83 25 grand
1166 1664 81 25 profit
1259 1665 32 22 de

699 1690 66 22 tous.

808 1782 369 59 CHRONIQUE

748 1841 493 52 ROCHEFORTOISE

729 1931 41 25 En
783 1933 70 24 cette
868 1933 75 25 veille
956 1933 33 25 de
1001 1934 141 26 Pentecôte
1153 1936 64 25 c'est
1233 1937 45 25 l'oc-

695 1963 90 24 casion
804 1963 32 24 de
854 1964 118 29 rappeler
989 1972 51 18 aux
1061 1966 183 26 Rochefortois
1263 1971 25 22 et

695 1994 17 24 à
729 1995 60 23 tous
807 2001 48 18 nos
873 1995 112 25 lecteurs
1004 1996 122 30 quelques
1144 1998 144 29 précisions

695 2031 48 17 sur
762 2024 23 25 le
806 2025 150 30 pèlerinage
978 2028 94 24 annuel
1094 2028 32 25 de
1146 2029 142 25 Rochefort

695 2055 16 24 à
733 2055 77 25 N.-D.
829 2056 32 26 de
880 2057 63 30 Foy,
963 2058 25 24 le
1006 2058 73 25 lundi
1101 2059 31 25 de
1151 2060 25 24 la
1196 2061 83 24 Pente-

695 2086 64 25 côte.

728 2118 110 29 D'après
874 2119 38 25 les
948 2120 218 29 procès-verbaux
1204 2122 32 26 de
1264 2123 25 25 la

695 2148 88 26 Haute
802 2150 69 25 Cour
892 2150 33 25 du
946 2151 174 26 Sérénissime
1138 2153 151 25 Ferdinand

695 2179 31 26 de
744 2180 118 30 Bavière,
882 2181 95 30 évêque
997 2185 26 23 et
1041 2183 92 30 prince
1149 2184 33 25 de
1202 2185 86 29 Liège,

694 2211 119 29 siégeant
824 2219 34 18 en
873 2213 71 29 1618,
956 2214 25 25 le
993 2214 15 24 2
1021 2215 146 29 novembre,
1180 2222 35 18 au
1229 2216 49 25 châ-

694 2244 61 23 teau
776 2244 33 24 de
829 2243 75 30 Celle,
924 2245 69 24 voici
1014 2245 38 25 les
1075 2245 160 31 dépositions
1257 2248 32 24 de

693 2280 65 19 ceux
774 2275 46 29 qui
839 2275 199 26 contribuèrent
1056 2277 16 24 à
1090 2277 26 25 la
1135 2277 155 27 découverte

694 2305 31 25 de
739 2305 26 24 la
780 2306 90 25 statue
883 2307 180 25 miraculeuse.

727 2336 125 26 Innocent
868 2337 134 30 Délimoir,
1019 2339 112 25 batelier
1147 2341 16 24 à
1180 2340 107 29 Dinant,

692 2370 138 27 comparut
850 2368 25 25 le
897 2369 122 29 premier.
1042 2370 22 24 Il
1086 2370 103 25 déclara
1211 2372 76 29 qu'au

693 2399 68 24 mois
785 2399 33 25 de
841 2399 59 29 juin
927 2401 63 24 1609
1017 2401 19 24 il
1060 2401 73 25 avait
1158 2402 89 25 acheté
1272 2404 16 23 à

694 2429 112 26 Messire
821 2430 33 25 de
870 2431 67 25 Celle
955 2439 35 17 un
1006 2432 81 25 chêne
1104 2433 111 29 énorme,
1235 2441 41 17 me-

692 2462 95 24 surant
806 2461 61 26 huit
886 2462 75 29 pieds
982 2463 33 25 de
1035 2464 135 29 diamètre,
1192 2465 45 29 qui
1259 2472 28 18 se

693 2492 118 26 trouvait
835 2493 16 25 à
874 2493 158 26 l'extrémité
1059 2495 33 24 du
1115 2495 102 25 chemin
1241 2496 47 24 des

692 2523 121 29 pèlerins,
832 2531 47 18 sur
894 2524 26 25 la
936 2527 76 23 route
1028 2525 32 25 de
1075 2526 100 25 Dinant
1191 2527 16 24 à
1223 2527 63 28 Foy.

694 2564 14 14 c
724 2554 34 26 Je
773 2554 24 26 le
813 2555 32 25 fis
862 2555 112 29 abattre,
995 2556 78 29 dit-il,
1090 2564 51 22 par
1158 2557 79 25 Gilles
1255 2558 32 24 de

691 2586 112 28 Wanlin,
819 2587 72 24 natif
906 2587 32 25 de
952 2587 63 30 Foy,
1031 2595 66 22 pour
1112 2595 32 18 en
1158 2589 70 24 scier
1243 2589 44 24 des

693 2617 40 25 ais
750 2617 46 30 qui
814 2620 110 27 pussent
944 2625 41 19 me
1002 2619 86 24 servir
1105 2619 17 25 à
1137 2620 151 25 construire

694 2655 35 17 un
762 2648 94 25 bateau
882 2658 22 16 ».
928 2649 128 30 Lorsqu'il
1090 2650 62 25 l'eut
1187 2651 100 29 abattu,

693 2679 79 26 Gilles
789 2687 41 18 me
848 2680 30 24 fit
894 2680 125 25 chercher
1035 2681 17 25 à
1068 2681 108 25 Dinant.
1193 2682 82 25 J'arri-

692 2711 43 24 vai
760 2710 24 26 le
808 2710 82 26 même
912 2712 73 28 jour;
1009 2714 35 26 et,
1067 2714 97 27 voyant
1186 2720 49 22 que
1257 2720 31 18 ce

693 2741 80 26 chêne
797 2742 66 25 était
885 2742 141 29 vermoulu,
1050 2743 30 29 je
1102 2743 41 25 dis
1167 2744 16 24 à
1208 2744 78 25 Gilles

694 2772 57 25 d'en
775 2773 71 25 faire
876 2773 45 25 des
946 2774 95 24 bûches
1065 2776 26 23 et
1114 2774 45 25 des
1191 2775 95 25 billots.

693 2803 80 25 Gilles
794 2804 52 25 m'a
870 2805 39 24 dit
930 2805 59 29 plus
1009 2805 69 28 tard,
1100 2805 76 29 qu'en
1197 2806 77 24 exécu-

691 2836 59 24 tant
764 2842 55 18 mes
834 2835 98 28 ordres,
948 2836 18 24 il
981 2836 71 24 avait
1067 2836 139 25 découvert
1220 2837 65 25 dans

692 2866 23 25 le
735 2873 71 18 cœur
827 2866 31 25 de
878 2866 96 26 l'arbre
995 2867 120 29 quantité
1136 2867 33 25 de
1189 2868 96 28 petites

691 2897 109 29 pierres,
820 2904 52 18 une
888 2899 86 24 tresse
992 2898 33 25 de
1039 2898 115 25 cheveux
1171 2899 33 24 de
1220 2899 55 24 fem-

691 2935 48 22 me,
761 2930 26 23 et
807 2936 51 18 une
879 2929 83 29 petite
982 2930 89 24 statue
1091 2930 31 24 de
1142 2929 25 25 la
1188 2929 97 30 Vierge

691 2966 49 23 que
759 2959 48 30 j'ai
825 2967 57 17 vue.
902 2960 67 25 Sans
987 2962 62 28 trop
1068 2960 166 30 m'inquiéter
1255 2961 31 25 de

691 2992 68 24 cette
777 2991 146 29 trouvaille,
941 2991 28 29 je
985 2992 91 24 vendis
1094 2999 51 17 aux
1162 2991 123 25 enchères

689 3022 39 24 les
742 3022 97 24 bûches
856 3023 26 24 et
897 3022 37 25 les
949 3022 94 29 billots,
1059 3023 67 24 mais
1141 3023 28 28 je
1183 3030 32 17 ne
1231 3023 54 25 sais

689 3060 32 18 ce
733 3060 51 22 que
796 3053 52 25 l'on
864 3060 15 18 a
895 3053 52 25 fait
963 3054 33 24 de
1010 3060 43 18 ces
1069 3053 65 25 bois.
1149 3053 136 25 Plusieurs

691 3084 135 25 affirment
846 3092 32 17 en
899 3085 74 24 avoir
993 3084 124 30 fabriqué
1137 3084 33 26 de
1188 3085 97 29 petites

691 3117 109 27 statues,
823 3115 152 26 semblables
996 3116 15 24 à
1031 3116 63 24 celle
1114 3116 78 29 qu'on
1213 3117 72 24 avait

690 3146 108 25 trouvée
815 3147 66 24 dans
899 3147 24 24 le
938 3153 81 18 creux
1037 3147 32 24 de
1085 3154 60 17 mon
1162 3147 88 25 chêne.
1271 3157 13 14 »

725 3177 79 26 Gilles
819 3178 32 25 de
864 3177 111 29 Wanlin,
990 3178 168 29 charpentier
1173 3178 34 25 de
1221 3178 63 29 Foy,

692 3208 94 30 déposa
803 3215 99 18 comme
920 3209 54 24 suit
998 3215 8 18 :
1030 3218 13 15 t
1062 3209 33 24 Je
1113 3209 72 29 sciai,
1205 3209 79 28 dit-il,

691 3240 25 24 le
728 3241 76 23 tronc
819 3247 32 17 en
867 3240 66 24 deux
948 3247 138 17 morceaux
1101 3241 28 24 et
1146 3247 34 18 au
1195 3240 88 24 milieu

692 3271 27 28 je
742 3270 135 25 découvris
901 3278 51 17 une
977 3270 104 25 énorme
1103 3271 119 29 quantité
1255 3271 30 24 de

690 3301 149 30 poussières
859 3302 96 28 noires,
977 3302 45 24 des
1040 3302 103 29 pierres
1163 3303 110 28 transpa-

692 3334 88 23 rentes
802 3333 34 24 de
856 3334 88 24 toutes
974 3333 99 24 formes
1094 3334 28 24 et
1145 3333 31 25 de
1197 3334 88 24 toutes

689 3363 128 29 couleurs,
840 3370 106 22 grosses
964 3371 100 18 comme
1084 3364 45 24 des
1149 3364 135 28 noisettes,

691 3402 51 18 une
762 3395 94 29 longue
876 3396 85 23 tresse
981 3395 33 24 de
1031 3395 115 24 cheveux
1166 3395 34 24 de
1219 3395 54 24 fem-

690 3433 49 21 me,
758 3425 45 30 qui
823 3425 153 26 semblaient
996 3426 175 24 fraîchement
1190 3426 94 29 coupés

691 3458 27 24 et
734 3464 51 17 une
799 3457 84 28 petite
898 3458 89 23 statue
1004 3456 32 25 de
1050 3456 27 25 la
1091 3457 98 28 Vierge
1204 3456 80 25 haute

691 3487 61 25 d'un
786 3494 93 22 empan
905 3488 46 28 (20
985 3487 16 25 à
1035 3488 32 24 25
1092 3487 192 28 centimètres).

691 3518 77 25 Cette
790 3520 88 23 statue
903 3518 66 25 était
993 3518 65 25 dans
1082 3518 147 25 l'intérieur
1253 3519 33 24 de

690 3549 104 29 l'arbre,
811 3549 93 25 cachée
922 3549 116 25 derrière
1053 3556 36 18 un
1105 3549 96 25 treillis
1217 3556 56 18 com-

690 3580 63 29 posé
768 3580 31 24 de
811 3580 68 25 trois
891 3580 131 25 barreaux
1035 3578 32 27 de
1078 3580 45 25 fer
1134 3582 59 23 tout
1206 3580 68 25 rouil-

692 3612 45 24 les.
760 3611 62 24 Mon
843 3611 66 28 aide,
942 3611 107 28 Gérard,
1072 3611 25 25 le
1118 3611 40 24 vit
1186 3618 100 17 comme

692 3642 60 24 moi.
775 3651 12 15 >

726 3672 100 25 Gérard
846 3673 105 28 Thiery,
971 3673 161 29 domestique
1152 3673 17 24 à
1188 3672 25 25 la
1233 3672 41 24 mé-

691 3704 80 24 tairie
786 3704 32 24 de
833 3703 63 29 Foy,
912 3703 125 25 confirma
1050 3703 27 25 la
1090 3703 148 29 déposition
1252 3704 32 24 de

693 3734 125 28 Gilles-jet
833 3734 63 25 celle
916 3734 32 25 de
966 3734 134 25 Délimoir.
1120 3734 22 25 Il
1160 3734 92 29 ajouta
1275 3741 7 17 :

693 3774 13 15 «
726 3765 95 25 J'étais
840 3765 129 30 accroupi,
989 3766 94 24 tenant
1102 3772 32 17 en
1155 3765 72 24 main
1249 3771 35 18 un

692 3796 106 25 énorme
815 3796 59 24 coin
894 3796 32 25 de
947 3796 50 29 fer,
1017 3803 51 22 que
1085 3795 29 29 je
1135 3796 90 25 devais
1246 3795 27 25 in-

692 3827 121 25 troduire
831 3827 64 25 dans
916 3826 123 26 l'entaille
1057 3833 50 23 que
1126 3826 80 25 Gilles
1225 3834 49 22 pra-

692 3858 98 29 tiquait
810 3864 61 18 avec
890 3865 32 18 sa
940 3857 104 30 cognée,
1068 3857 103 30 lorsque
1190 3857 84 30 j'aper-

691 3895 47 24 çus
755 3888 37 25 les
810 3887 141 31 premières
968 3889 97 28 petites
1081 3888 109 29 pierres.
1200 3888 84 30 Après

693 3926 35 18 un
750 3919 104 25 énorme
872 3926 66 23 coup
959 3920 31 24 de
1010 3919 104 29 cognée,
1136 3919 80 25 Gilles
1235 3920 49 24 mit

693 3950 17 25 à
732 3950 137 25 découvert
889 3950 25 25 la
934 3951 82 29 petite
1036 3952 89 23 statue
1145 3957 32 18 en
1197 3950 88 29 pierre

693 3987 50 23 que
762 3988 64 18 vous
847 3988 60 18 avez
927 3981 26 25 là
973 3981 95 25 devant
1089 3988 64 18 vous
1175 3983 26 23 et
1222 3981 62 24 dont

694 4012 19 24 il
728 4012 72 25 avait
815 4011 92 26 abattu
922 4012 26 25 la
961 4012 57 25 tête
1033 4012 69 25 ainsi
1117 4019 51 22 que
1183 4011 24 27 le
1222 4011 62 25 bras

694 4043 100 28 gauche
810 4043 34 24 du
863 4043 67 29 petit
946 4043 86 24 Jésus.
1048 4043 70 24 Tous
1135 4043 67 24 deux
1219 4049 65 18 nous

692 4074 112 24 criâmes
820 4080 34 18 au
870 4073 107 25 miracle
992 4075 26 23 et
1033 4073 27 25 la
1075 4075 121 23 servante
1213 4074 30 24 de
1259 4073 25 25 la

694 4104 84 25 ferme
796 4105 130 24 accourut.
945 4113 13 15 »
977 4104 75 25 Cette
1068 4104 59 28 fille,
1146 4104 104 29 appelée
1269 4105 15 24 à

694 4142 47 18 son
761 4137 62 22 tour
848 4135 97 24 devant
963 4135 37 24 les
1019 4135 84 29 juges,
1124 4135 56 24 leur
1209 4135 39 25 dit
1275 4142 7 17 :

695 4175 13 15 «
727 4166 53 24 Dès
801 4172 48 23 que
869 4165 140 29 j'entendis
1027 4166 70 24 crier
1116 4173 34 17 au
1171 4165 112 29 miracle,

694 4197 153 28 j'accourus,
865 4196 27 29 je
911 4196 41 25 vis
969 4196 26 24 la
1011 4198 86 23 tresse
1114 4196 33 25 de
1162 4197 121 27 cheveux,

694 4227 38 24 les
752 4227 97 29 petites
871 4227 101 30 pierres
993 4228 198 27 transparentes
1213 4228 26 23 et
1259 4227 26 24 la

696 4258 87 24 statue
802 4257 32 25 de
854 4257 184 25 Notre-Dame.
1057 4257 31 25 Je
1108 4258 86 28 repris
1212 4257 73 25 celle-

693 4288 25 24 ci
734 4288 45 24 des
792 4288 86 24 mains
895 4288 32 24 de
941 4287 87 29 Gilles,
1043 4288 69 24 ainsi
1126 4295 49 22 que
1190 4288 25 24 la
1230 4288 56 24 tête

695 4320 27 23 et
736 4319 25 24 le
773 4318 63 25 bras
850 4318 107 26 tombés,
972 4318 27 29 je
1015 4319 86 29 portai
1116 4318 25 25 le
1154 4320 60 23 tout
1229 4319 16 23 à
1259 4318 26 24 la

696 4349 84 25 ferme
795 4348 33 25 où
844 4349 28 28 je
889 4349 103 24 recollai
1008 4349 37 24 les
1061 4355 138 18 morceaux
1213 4351 29 22 et
1258 4349 28 28 je

696 4379 50 25 mis
761 4380 25 24 la
800 4381 87 23 statue
902 4386 47 18 sur
963 4386 49 17 une
1026 4378 108 30 planche
1148 4379 30 26 de
1193 4379 24 24 la
1231 4380 42 24 cui-

697 4410 65 25 sine.
780 4410 110 24 Messire
909 4410 31 24 de
957 4409 75 29 Celle,
1053 4412 80 26 ayant
1151 4410 89 29 appris
1257 4417 29 17 ce

696 4441 60 28 fait,
776 4447 42 18 me
836 4440 31 25 fit
886 4441 123 28 apporter
1029 4440 16 24 à
1064 4447 46 17 son
1130 4440 109 25 château
1260 4440 25 25 la

698 4471 54 25 dite
775 4472 95 27 statue,
893 4471 40 24 six
956 4471 128 24 semaines
1109 4470 84 29 après.
1217 4470 68 25 C'est

696 4502 66 25 tout.
782 4511 13 14 »

730 4532 35 26 Le
788 4532 127 28 Seigneur
937 4531 31 25 de
991 4531 69 25 Celle
1080 4531 30 25 fit
1132 4532 102 24 ensuite
1256 4538 29 18 sa

697 4562 146 30 déposition
863 4569 7 18 :
887 4571 13 15 c
915 4562 88 29 Ayant
1018 4562 89 29 appris
1123 4562 75 29 qu'on
1214 4562 71 25 avait

696 4594 93 25 trouvé
804 4600 51 18 une
870 4594 89 24 statue
974 4599 32 18 en
1021 4593 88 29 pierre
1124 4592 33 25 de
1173 4592 26 25 la
1214 4592 71 25 bien-

697 4625 83 25 aimée
803 4623 177 26 Notre-Dame
1002 4623 65 24 dans
1091 4622 24 25 le
1135 4622 81 25 chêne
1239 4630 47 21 que

696 4656 94 29 j'avais
809 4655 83 25 vendu
913 4656 17 23 à
948 4653 134 29 Délimoir,
1104 4653 27 29 je
1149 4660 41 18 me
1210 4653 24 24 la
1255 4653 31 25 fis

697 4688 124 29 apporter
840 4686 33 26 de
894 4686 26 25 la
940 4685 86 25 ferme
1045 4684 33 25 de
1099 4684 56 29 Foy
1181 4691 8 17 :
1211 4684 28 28 je
1260 4683 26 25 la

696 4719 84 30 plaçai
803 4718 65 25 dans
891 4723 52 18 une
967 4715 116 26 nouvelle
1105 4715 76 24 niche
1204 4715 70 28 prati-

701 4750 64 30 quée
789 4749 67 25 dans
882 4755 35 17 un
941 4747 82 25 chêne
1046 4746 87 24 voisin
1159 4745 33 25 de
1215 4745 66 25 celui

695 4781 77 30 qu'on
790 4780 72 26 avait
880 4779 101 25 abattu.
999 4778 33 25 Je
1048 4777 33 25 fis
1098 4777 101 25 fermer
1217 4777 70 24 cette

696 4813 75 25 niche
784 4819 50 23 par
845 4811 69 25 trois
926 4810 130 25 barreaux
1071 4808 32 25 de
1116 4808 51 25 fer.
1181 4808 37 24 La
1234 4809 41 23 sta-

695 4845 45 25 tue
754 4851 18 22 y
788 4843 66 25 était
869 4841 91 30 depuis
974 4841 94 30 quatre
1083 4846 48 18 ans
1145 4846 33 18 au
1194 4838 91 28 moins,

696 4875 87 30 quand
806 4881 32 18 on
861 4873 59 25 vint
950 4871 135 26 m'avertir
1108 4870 76 30 qu'on
1194 4887 5 8 ,
1215 4869 71 25 avait

696 4906 72 26 tenté
789 4906 32 25 de
843 4904 132 28 l'enlever;
999 4903 46 24 des
1067 4902 67 25 trois
1156 4901 130 24 barreaux

697 4938 33 25 de
748 4937 45 25 fer
811 4943 51 23 que
884 4935 93 30 j'avais
998 4934 54 25 fait
1072 4933 93 30 placer,
1188 4932 19 24 il
1227 4931 59 25 n'en

695 4968 96 26 restait
805 4968 58 29 plus
878 4967 88 30 qu'un.
981 4964 152 27 J'ordonnai
1148 4963 64 25 donc
1228 4969 47 18 aus-

697 5000 65 25 sitôt
780 4999 33 25 de
829 4998 150 26 transférer
996 4997 26 25 la
1042 4996 55 25 dite
1115 4996 88 24 statue
1221 4994 65 25 dans

697 5031 26 25 la
743 5030 113 30 chapelle
876 5030 33 25 du
928 5029 119 25 château.
1067 5027 24 25 A
1111 5026 75 25 dater
1206 5025 32 25 de
1257 5031 30 18 ce

697 5062 61 29 jour
774 5068 146 24 commença
938 5062 69 24 cette
1023 5059 69 25 suite
1112 5058 32 25 de
1160 5056 116 30 pèlerina-

698 5100 45 22 ges
760 5095 26 23 et
802 5093 33 25 de
850 5093 123 29 prodiges
990 5091 62 25 dont
1068 5090 47 29 j'ai
1133 5087 114 27 informé
1262 5087 23 25 le

700 5124 170 26 Sérénissime
894 5124 95 25 Prince
1015 5122 105 29 Evêque
1143 5120 31 25 de
1201 5119 85 28 Liège.

698 5156 36 26 Ce
754 5162 124 18 concours
900 5154 131 26 continuel
1057 5152 30 27 de
1110 5151 120 31 pèlerins,
1255 5150 31 24 de

698 5187 120 28 malades,
835 5186 160 30 d'estropiés,
1013 5184 153 29 d'aveugles,
1185 5183 31 24 de
1232 5182 42 24 boi-

695 5221 66 23 teux
778 5219 44 29 qui
841 5218 121 25 venaient
980 5218 17 24 à
1013 5217 25 24 la
1055 5215 121 30 chapelle,
1196 5221 31 17 ne
1246 5219 40 18 me

698 5250 111 25 laissant
829 5255 100 19 aucune
947 5247 95 27 liberté
1062 5247 64 25 dans
1146 5252 60 18 mon
1227 5243 49 25 châ-

697 5283 70 26 teau,
782 5280 28 29 je
822 5287 93 24 conçus
930 5279 24 26 le
967 5279 87 29 projet
1070 5278 30 24 de
1118 5276 71 29 faire
1203 5275 83 25 élever

708 5319 24 14 ■i
756 5311 149 25 sanctuaire
924 5311 15 26 à
961 5309 120 26 l'endroit
1103 5306 92 30 occupé
1216 5304 68 31 jadis

1471 592 114 21 PRENEZ
1604 593 159 21 DIMANCHE

1346 618 174 21 BRUXELLES
1548 620 124 22 (Emission
1699 620 127 24 française)
1855 624 57 22 483,9

1342 652 13 19 6
1370 651 31 24 h.,
1416 652 12 20 7
1442 652 32 26 h.,
1489 653 13 20 8
1518 653 23 20 h.
1557 656 23 18 et
1596 654 13 20 8
1624 653 23 21 h.
1662 654 27 20 50
1708 659 5 15 :
1731 654 180 26 Communiqués

1317 678 186 25 colombophiles.
1521 689 30 5 —
1567 681 13 19 9
1597 680 23 20 h.
1641 686 5 17 :
1666 681 98 24 Disques
1785 681 128 23 demandés

1317 709 43 20 par
1374 705 33 21 les
1422 706 126 21 auditeurs.
1561 717 29 5 —
1605 708 24 20 10
1641 707 23 20 h.
1683 713 5 14 s
1705 708 97 20 L'heure
1814 708 29 21 cle
1858 709 55 23 chez

1316 736 60 17 nous
1400 737 6 16 :
1429 733 174 25 Compositeurs
1622 737 26 18 et
1669 734 139 25 interprètes
1829 735 84 26 belges.

1316 759 100 24 Concert
1434 760 79 21 donné
1531 766 43 19 par
1592 761 142 21 l'Harmoni-ss
1752 761 41 21 des
1811 762 93 22 Travail-

1317 786 61 21 leurs
1400 787 29 22 de
1447 788 111 20 Verviers.
1575 798 24 4 —
1619 788 23 19 11
1662 788 23 20 h.
1709 793 4 15 :
1735 788 99 20 Conceri
1843 790 69 22 varié.

1316 824 28 4 —
1356 814 25 20 11
1395 814 24 20 h.
1435 815 25 20 15
1477 821 5 17 :
1499 815 91 21 Récital
1604 815 30 21 de
1648 815 78 24 piano.
1741 825 26 4 —
1782 816 24 20 11
1822 815 23 21 h.
1861 817 26 21 30
1905 823 5 16 :

1316 840 89 21 Ballets
1426 841 29 22 de
1475 842 92 20 Delibes
1590 847 7 18 :
1618 842 33 20 La
1672 842 94 23 Source;
1790 843 120 26 Coppélia;

1317 867 108 22 Czardas.
1442 878 26 4 —
1485 870 24 19 11
1525 869 24 20 h.
1565 869 25 20 45
1608 873 5 16 :
1629 868 91 21 Récital
1740 869 100 24 d'orgue,
1856 875 57 16 aon-

1317 894 30 21 né
1365 899 43 20 par
1426 896 32 20 M.
1476 896 94 20 Druart.
1586 906 30 6 —
1633 896 25 20 12
1675 895 23 20 h.
1721 901 5 15 :
1743 896 117 25 Quelques
1876 902 28 16 ve-

1317 921 77 22 dettes
1414 922 30 21 de
1465 923 93 20 cabaret
1581 927 24 18 et
1626 922 30 20 de
1677 923 141 20 Music-hall.
1838 934 29 5 —
1889 926 24 20 12

1317 948 84 22 heures
1421 950 25 20 15
1469 954 6 16 :
1499 950 99 20 Concer;.
1616 949 78 20 donné
1710 954 43 20 par
1772 950 141 23 l'Orchestre

1316 976 82 20 Radio.
1412 987 27 4 —
1455 977 24 20 12
1495 976 23 21 h.
1534 977 25 20 35
1575 980 6 16 :
1598 976 127 21 Orchestre
1738 977 78 21 Radio
1834 983 6 17 :
1858 978 46 21 Poè-

1316 1004 24 19 te
1361 1005 25 18 et
1406 1008 97 20 paysan,
1524 1007 125 17 ouverture
1673 1003 111 25 (Suppé);
1828 1005 85 25 Dandy-

1317 1029 83 21 balade
1425 1030 104 21 (CaluQÎ)
1536 1034 5 19 ;
1566 1030 41 24 My
1628 1029 101 26 darling,
1758 1035 60 19 pour
1847 1036 58 17 saxo-

1317 1056 78 25 phone
1418 1057 127 23 (Macker);
1568 1057 107 23 Mimosa,
1702 1057 64 21 valse
1816 1058 98 26 (Sidney

1315 1084 83 20 Jon.'s)
1412 1089 5 19 ;
1441 1083 97 21 Marche
1556 1083 42 21 des
1618 1083 91 21 Pachas
1733 1085 34 21 (F.
1784 1085 128 24 Rogister).

1315 1120 29 5 —
1360 1111 24 20 13
1401 1110 23 21 h.
1445 1117 6 16 :
1469 1110 98 21 Journal
1583 1110 72 25 parlé.
1671 1121 28 5 —
1716 1111 25 21 13
1757 1111 24 21 h.
1799 1113 26 19 10
1845 1117 5 16 :
1868 1114 35 20 Re-

1316 1138 63 23 prise
1395 1138 31 20 du
1444 1138 99 20 concert.
1560 1147 28 5 —
1606 1138 24 20 13
1649 1137 24 20 h.
1688 1138 26 20 30
1736 1144 6 17 :
1762 1139 97 24 Agenda
1883 1140 29 21 de

1316 1164 23 20 la
1353 1164 38 21 vie
1409 1165 128 24 artistique.
1553 1175 5 6 ■
1557 1174 26 5 —
1600 1164 25 20 13
1643 1164 23 20 h.
1684 1165 25 20 35
1732 1170 5 15 :
1758 1166 98 24 Disques
1875 1167 28 20 de-

1317 1191 97 21 mandés
1437 1196 44 20 par
1503 1191 34 20 les
1560 1191 126 20 audiSeurs.
1708 1201 28 5 —
1759 1193 25 20 13
1806 1192 24 21 h.
1854 1194 25 20 55
1903 1200 6 18 ;

1315 1218 116 20 Emission
1449 1218 107 25 agricole.
1580 1227 28 5 —
1629 1218 176 21 Informations.
1828 1220 75 21 Cause-

1315 1245 34 20 rie
1366 1249 43 20 par
1426 1245 32 20 M.
1474 1245 69 20 Louis
1560 1244 101 26 Delir.ée,
1679 1245 134 24 professeur
1829 1246 74 26 d'agri-

1315 1271 96 21 culture.
1430 1271 68 25 Sujet
1518 1275 6 17 :
1544 1276 13 15 «
1575 1272 121 24 Pourquoi,
1714 1273 80 24 quand
1811 1274 25 19 et
1851 1278 51 17 com-

1316 1300 64 18 ment
1399 1300 33 20 les
1451 1300 83 23 Jeunes
1556 1299 154 23 agriculteurs
1730 1299 97 21 doivent
1846 1301 57 21 s'ins-

1316 1326 78 20 truire.
1418 1330 12 15 »
1452 1334 29 5 —
1502 1324 106 21 Conseils
1630 1325 150 21 saisonniers.
1803 1327 100 22 Tendan-

1315 1356 27 17 ce
1364 1352 42 21 des
1423 1351 114 21 marchés.
1557 1361 29 6 —
1607 1352 26 20 14
1652 1352 24 20 h.
1714 1353 26 20 30
1764 1358 6 16 :
1794 1353 117 23 Sérénade

1319 1378 112 22 (Pierné).
1451 1389 28 4 —
1500 1379 26 20 14
1545 1378 24 21 h.
1590 1379 26 20 35
1641 1385 5 17 :
1671 1379 69 24 Cycle
1759 1379 30 21 de
1809 1380 70 25 Liège
1902 1387 6 16 :

1315 1406 207 20 Connaissez-vous
1542 1404 22 21 le
1580 1405 78 21 Palais
1678 1406 42 21 des
1740 1407 96 21 Princes
1855 1408 47 21 Evê-

1314 1437 62 20 ques.
1391 1442 29 7 —
1434 1433 26 20 14
1475 1432 23 20 h.
1514 1432 27 20 45
1559 1436 6 16 :
1580 1432 116 25 Quelques
1712 1433 119 21 chansons
1846 1434 56 22 fran-

1315 1460 80 24 çaises.
1410 1468 30 6 —
1453 1459 25 20 15
1496 1458 24 21 h.
1540 1464 6 18 :
1565 1463 13 16 «
1593 1460 32 20 Le
1641 1459 108 22 Courrier
1764 1460 30 21 de
1809 1462 66 23 Lyon
1890 1467 12 16 »

1313 1486 41 24 jeu
1375 1485 184 25 radiophonique
1578 1485 32 22 de
1630 1487 110 21 Lauville.
1761 1498 28 4 —
1811 1488 25 20 16
1853 1488 24 21 h.
1902 1495 4 15 :

1314 1512 89 21 Séance
1417 1513 30 21 de
1462 1513 106 24 musique
1582 1513 30 22 de
1627 1514 119 23 chambre,
1760 1514 93 22 donnée
1867 1520 43 20 par

1314 1539 22 21 le
1354 1540 106 24 Quatuor
1478 1540 30 21 de
1525 1539 72 25 Liège
1622 1545 6 16 :
1647 1541 107 24 Quatuor
1772 1546 25 16 n.
1816 1542 19 24 3,
1851 1547 59 20 opus

1314 1567 26 20 41
1368 1567 37 21 (R.
1430 1566 160 25 Schumann);
1618 1568 135 21 Variations
1783 1568 34 22 du
1849 1570 51 24 Qua-

1315 1595 53 19 tuor
1390 1598 31 16 en
1443 1593 25 21 ré
1489 1594 93 20 mineur
1604 1595 48 21 (Pr.
1675 1595 136 23 Schubert).
1833 1606 29 5 —
1885 1598 24 20 16

1315 1688 47 22 par
1379 1681 24 25 le
1422 1681 114 29 premier
1553 1682 88 25 chêne.
1662 1683 176 29 Aujourd'hui
1856 1692 50 22 que

1313 1713 70 24 cette
1397 1712 115 29 chapelle
1528 1714 40 23 est
1584 1714 116 28 achevée,
1716 1715 48 28 j'ai
1779 1715 60 29 prié
1855 1716 51 26 Son

1316 1743 148 26 Excellence
1484 1744 26 25 le
1530 1744 94 26 Prince
1647 1745 105 30 Evêque
1772 1747 33 24 de
1828 1747 79 29 Liège

1315 1774 30 24 de
1360 1775 25 24 là
1400 1775 71 25 faire
1485 1775 76 25 bénir
1575 1778 27 22 et
1616 1776 42 29 d'y
1673 1777 71 25 faire
1758 1778 149 26 transférer

1315 1805 24 25 la
1362 1806 134 28 précieuse
1518 1807 86 29 image
1628 1808 33 24 de
1683 1808 185 27 Notre-Dame.
1893 1820 13 15 »

1347 1836 75 25 Cette
1436 1837 146 30 déposition
1600 1838 43 25 fut
1658 1839 26 24 la
1700 1840 120 25 dernière
1834 1841 33 24 de
1881 1842 25 25 la

1311 1867 116 29 journée.
1443 1869 36 26 Le
1493 1869 146 26 lendemain
1655 1871 15 23 3
1686 1871 140 25 novembre
1841 1873 64 25 1618

1312 1894 24 30 le
1352 1899 102 26 Conseil
1467 1900 35 24 de
1515 1900 123 30 l'Evêquë
1652 1909 30 17 se
1695 1902 88 25 rendit
1797 1909 34 18 au
1845 1903 49 25 châ-

1311 1932 60 22 teau
1391 1937 68 22 pour
1475 1931 125 25 l'examen
1620 1932 44 25 des
1684 1933 131 29 prodiges.
1834 1934 36 25 Le
1889 1936 16 24 4

1311 1961 139 26 novembre
1472 1969 35 17 un
1530 1969 120 19 carrosse
1672 1964 33 24 du
1729 1965 123 28 seigneur
1874 1966 33 25 de

1313 1992 68 25 Celle
1398 1993 176 25 reconduisait
1592 1995 15 24 à
1627 1995 80 28 Liège
1723 1995 25 25 le
1764 1995 141 27 secrétaire

1311 2023 35 24 du
1368 2023 102 26 Conseil
1489 2027 108 26 porteur
1617 2026 33 24 du
1672 2026 101 25 dossier
1792 2027 34 24 du
1845 2035 49 22 pro-

1311 2054 50 24 cès.
1378 2055 37 24 La
1430 2056 142 28 procédure
1587 2057 43 24 fut
1645 2057 107 26 trouvée
1767 2058 138 31 régulière,

1313 2086 105 24 revêtue
1430 2086 39 25 -de
1485 2087 25 24 la
1528 2088 137 27 signature
1681 2091 26 22 et
1723 2089 35 24 du
1777 2096 76 18 sceau
1871 2091 33 25 du

1310 2117 97 28 prince,
1414 2117 150 25 Ferdinand
1581 2119 32 24 de
1627 2119 117 29 Bavière,
1760 2120 95 30 évêque
1870 2122 33 24 du

1310 2148 52 24 lieu
1378 2149 27 24 et
1421 2149 102 28 publiée
1539 2150 66 24 dans
1622 2151 58 24 tout
1697 2151 24 24 le
1737 2151 108 25 diocèse.
1863 2152 40 26 En

1310 2179 83 25 même
1412 2181 84 28 temps
1520 2181 62 28 qu'il
1603 2182 177 25 sanctionnait
1799 2182 26 25 la
1845 2190 48 23 pro-

1309 2210 102 29 cédure,
1432 2210 112 31 l'évèque
1562 2212 115 29 chargea
1697 2220 45 17 son
1762 2214 84 28 grand
1865 2215 28 24 vi-

1309 2241 72 25 caire
1398 2243 16 23 à
1431 2242 67 25 Celle
1517 2243 30 25 de
1564 2243 76 24 bénir
1656 2244 24 25 le
1697 2252 116 17 nouveau
1832 2252 60 18 sanc-

1310 2273 89 24 tuaire
1420 2280 49 22 que
1489 2273 111 26 Messire
1620 2275 32 24 de
1672 2275 67 25 Celle
1760 2276 72 25 avait
1852 2277 52 25 fait

1310 2304 149 25 construire
1479 2306 25 23 et
1524 2305 31 24 de
1572 2306 124 28 procéder
1716 2307 15 24 à
1748 2307 27 25 la
1792 2308 101 25 transla-

1311 2335 55 24 tion
1389 2335 31 25 de
1442 2336 25 24 la
1492 2338 95 23 statue.
1610 2337 48 24 Ces
1679 2337 159 26 cérémonies
1862 2346 30 18 eu-

1311 2367 58 23 rent
1383 2366 52 26 lieu
1449 2367 25 25 le
1489 2367 31 24 21
1535 2368 138 25 novembre
1689 2369 64 24 1618
1767 2376 33 18 au
1814 2370 89 25 milieu

1309 2397 60 24 d'un
1385 2398 85 27 grand
1485 2404 125 19 concours
1625 2399 34 25 de
1671 2400 100 29 peuple.
1790 2401 36 24 Le
1841 2408 50 18 nou-

1308 2434 65 18 veau
1392 2429 149 25 sanctuaire
1560 2429 70 25 élevé
1645 2430 25 25 là
1688 2431 32 24 où
1740 2438 28 18 se
1786 2433 117 25 trouvait

1309 2459 25 24 le
1365 2460 114 28 premier
1502 2460 82 25 chêne
1609 2461 83 25 vendu
1729 2462 15 24 à
1778 2462 126 26 Délimoir

1309 2490 72 25 avait
1404 2497 35 18 un
1462 2491 88 25 chœur
1574 2499 31 17 en
1631 2493 86 24 forme
1740 2493 33 25 de
1795 2495 108 25 rotonde

1309 2521 60 24 d'un
1384 2521 129 26 diamètre
1529 2523 32 24 de
1576 2523 58 24 huit
1649 2524 82 28 pieds,
1750 2524 82 26 même
1849 2526 43 24 dia-

1307 2552 84 25 mètre
1409 2560 49 22 que
1476 2553 67 25 celui
1562 2554 34 24 du
1615 2554 81 25 chêne
1715 2556 126 28 primitif.
1860 2556 41 25 Au

1308 2583 88 25 milieu
1416 2584 32 25 de
1464 2584 25 25 la
1507 2585 109 25 rotonde
1636 2586 117 25 s'élevait
1769 2587 88 25 l'autel
1876 2589 25 23 et

1309 2621 46 18 sur
1370 2616 41 23 cet
1427 2615 71 25 autel
1514 2616 66 24 était
1597 2618 147 24 construite
1761 2625 51 18 une
1827 2618 74 25 niche

1309 2645 118 29 élégante
1449 2647 16 24 à
1487 2647 24 24 la
1532 2647 114 25 hauteur
1668 2648 32 25 de
1722 2648 62 26 celle
1806 2656 49 23 que
1877 2650 24 24 la

1309 2676 134 30 précieuse
1476 2679 88 23 statue
1588 2679 72 24 avait
1695 2679 108 30 occupée
1837 2680 65 25 dans

1307 2708 104 25 l'arbre.
1435 2708 75 25 Cette
1531 2709 76 25 niche
1629 2710 70 24 ainsi
1721 2718 50 22 que
1794 2711 25 25 la
1845 2718 46 23 pre-

1308 2739 81 25 mière
1403 2739 66 25 était
1483 2740 100 25 fermée
1597 2747 49 22 par
1662 2747 49 19 une
1727 2742 83 29 petite
1825 2743 77 28 grille

1308 2777 32 18 en
1359 2770 130 25 barreaux
1507 2771 33 25 de
1561 2771 50 25 fer.
1631 2772 37 24 Le
1686 2772 120 25 vaisseau
1827 2773 32 24 de
1876 2774 25 24 la

1307 2801 114 29 chapelle
1444 2802 108 28 pouvait
1577 2802 120 25 contenir
1723 2804 178 29 quatre-vingt

1308 2832 16 24 à
1341 2834 59 23 cent
1417 2840 150 22 personnes.

1340 2863 49 25 Les
1404 2864 122 29 prodiges
1543 2871 28 18 se
1588 2865 166 25 succédèrent
1770 2866 16 24 à
1799 2866 27 24 ia
1841 2866 48 25 cha

1308 2894 71 29 pelle.
1396 2895 35 24 Le
1445 2895 30 24 R.
1491 2895 29 24 P.
1535 2895 107 29 Bouille,
1657 2896 32 24 de
1703 2896 25 25 la
1743 2896 157 30 Compagnie

1308 2925 30 25 de
1354 2925 85 29 Jésus,
1458 2926 33 24 né
1507 2928 16 23 à
1540 2926 99 25 Dinant
1658 2934 32 17 en
1709 2928 63 24 1576
1788 2928 41 25 vit
1844 2928 45 24 naî-

1306 2959 42 22 tre
1367 2959 26 22 et
1411 2964 29 17 se
1458 2957 152 30 développer
1628 2957 26 25 la
1672 2958 121 25 dévotion
1813 2966 16 17 a
1848 2959 41 24 No-

1306 2988 137 25 tre-Dame
1460 2989 33 24 de
1503 2989 69 29 -Foy.
1594 2989 21 24 Il
1634 2989 53 24 s'en
1705 2989 30 25 fit
1754 2990 145 24 l'historien

1307 3020 27 23 et
1351 3018 18 25 il
1386 3026 32 18 ne
1436 3022 124 26 rapporte
1574 3027 49 22 pas
1640 3020 85 24 moins
1742 3021 32 24 de
1789 3021 32 23 72
1839 3020 60 29 gué-

1307 3050 86 25 risons
1418 3051 223 24 extraordinaires
1665 3051 63 25 dues
1753 3052 15 24 à
1793 3051 25 25 la
1841 3058 47 18 con-

1306 3081 82 24 fiance
1408 3088 32 18 en
1462 3081 176 25 Notre-Dame
1667 3084 27 23 et
1715 3083 18 24 il
1753 3082 54 25 cite
1834 3089 65 23 pour

1305 3112 100 29 chaque
1427 3112 54 25 fait
1502 3112 37 25 les
1562 3119 81 22 noms,
1666 3113 128 29 prénoms,
1820 3114 68 24 domi-

1305 3143 62 25 ciles
1389 3144 45 24 des
1454 3143 151 30 privilégiés
1628 3146 140 27 apportant
1789 3151 31 17 en
1841 3145 58 28 plus

1307 3174 45 25 des
1387 3175 169 24 attestations
1591 3175 137 24 médicales
1764 3176 26 23 et
1824 3175 75 25 celles

1307 3206 72 24 aussi
1404 3206 154 24 d'autorités
1581 3206 160 28 religieuses.

1340 3236 39 24 En
1406 3237 63 24 1619
1501 3237 37 24 les
1562 3237 157 24 Souverains
1752 3237 44 24 des
1820 3237 79 29 Pays-

1307 3267 59 29 Bas,
1387 3268 140 24 l'archiduc
1547 3268 93 24 Albert
1659 3270 27 22 et
1704 3268 122 25 l'infante
1845 3268 43 25 Isa-

1306 3298 65 25 belle
1384 3298 79 25 firent
1478 3300 16 23 à
1510 3299 55 28 Foy
1583 3305 35 17 un
1633 3298 150 29 pèlerinage
1799 3298 88 25 demeu-

1306 3329 29 25 ré
1353 3329 108 25 célèbre.
1482 3329 36 24 Ils
1538 3329 78 25 firent
1635 3330 50 24 don
1706 3330 15 24 à
1739 3331 70 23 cette
1828 3336 59 18 occa-

1307 3361 57 24 sion
1390 3361 16 24 à
1431 3360 179 24 Notre-Dame
1634 3361 31 24 de
1692 3360 25 24 la
1742 3360 156 29 magnifique

1303 3393 93 23 chasse
1410 3399 33 17 en
1457 3393 102 27 argent,
1576 3391 101 25 enlevée
1693 3392 91 28 depuis
1798 3398 50 22 par
1861 3392 37 24 les

1306 3422 234 24 révolutionnaires
1563 3422 126 30 français.

1339 3453 41 25 En
1400 3454 71 28 1624,
1487 3453 25 24 le
1528 3453 90 28 prince
1635 3453 149 24 Ferdinand
1801 3453 32 24 de
1848 3453 38 25 Ba-

1305 3484 72 25 vière
1398 3484 58 25 vint
1478 3483 132 25 lui-même
1631 3484 23 25 le
1677 3484 32 24 27
1732 3484 53 24 mai
1807 3484 79 25 témoi-

1305 3522 65 22 gner
1393 3522 30 17 sa
1447 3515 214 24 reconnaissance
1683 3516 16 23 à
1722 3514 176 25 Notre-Dame

1305 3546 32 25 de
1354 3546 63 29 Foy.
1435 3546 37 24 La
1488 3547 88 23 statue
1594 3545 171 24 miraculeuse
1782 3552 27 18 se
1826 3547 59 23 trou-

1305 3577 57 24 vait
1387 3583 93 18 encore
1511 3576 66 24 dans
1601 3576 144 24 l'ancienne
1776 3576 120 29 chapelle,

1305 3608 107 25 adossée
1434 3609 16 23 à
1469 3607 100 29 l'église
1590 3607 76 29 qu'on
1687 3607 90 24 venait
1799 3607 88 25 d'ache-

1305 3645 46 18 ver
1368 3641 27 22 et
1414 3638 44 30 qui
1474 3637 159 25 n'attendait
1650 3644 67 22 pour
1734 3638 57 24 être
1808 3644 78 19 ouver-

1305 3671 27 23 te
1348 3676 32 18 au
1396 3669 69 25 culte
1481 3676 49 22 que
1546 3668 192 25 l'autorisation
1755 3670 27 22 et
1799 3668 26 24 la
1838 3676 48 18 con-

1305 3700 130 25 sécration
1459 3699 134 29 épiscople.
1617 3699 36 24 Le
1676 3699 95 24 Prince
1794 3699 104 30 Evêque

1306 3731 113 25 enrichit
1440 3731 99 28 l'église
1563 3730 34 24 du
1620 3730 133 28 splendide
1773 3730 70 25 autel
1864 3731 32 25 de

1305 3762 103 25 marbre
1424 3762 60 24 noir
1500 3763 26 23 et
1541 3760 74 25 blanc
1630 3761 45 28 qui
1691 3761 40 28 s'y
1746 3762 93 24 trouve
1853 3768 32 18 en-

1304 3800 60 18 core
1379 3795 25 23 et
1420 3793 33 24 du
1470 3792 110 29 superbe
1593 3792 103 24 tableau
1713 3798 49 23 que
1778 3791 49 25 l'on
1842 3793 54 24 voit

1306 3831 92 18 encore
1419 3830 34 18 au
1475 3821 184 26 maître-autel.
1683 3822 70 25 C'est
1774 3829 35 17 un
1832 3822 64 26 Noël

1303 3855 66 25 sorti
1382 3855 33 24 du
1427 3854 108 30 pinceau
1547 3854 32 24 de
1592 3853 126 30 François
1728 3852 167 27 Walschartz.

1338 3885 111 29 L'église
1464 3885 44 25 fut
1525 3884 138 25 consacrée
1678 3884 24 24 le
1719 3884 15 24 7
1752 3884 144 29 septembre

1306 3917 31 25 de
1350 3917 26 24 la
1389 3916 82 24 même
1481 3915 88 26 année
1585 3915 63 24 1624
1663 3915 95 24 devant
1775 3915 121 25 une.fou-

1304 3948 25 25 le
1341 3961 35 5 —
1389 3947 104 25 énorme
1506 3953 67 23 pour
1586 3945 114 30 l'époque
1712 3959 35 4 —
1762 3945 33 25 de
1808 3946 87 25 12.000

1307 3978 114 30 pèlerins
1445 3977 85 29 parmi
1559 3975 109 30 lesquels
1694 3983 29 17 se
1747 3976 149 25 trouvaient

1305 4010 58 29 plus
1381 4009 33 25 de
1430 4009 49 24 200
1497 4008 115 24 infirmes
1630 4009 26 22 et
1675 4006 121 25 malades.

1340 4040 69 25 C'est
1428 4047 32 18 en
1482 4039 63 25 1626
1565 4045 49 22 que
1634 4038 23 24 le
1677 4038 83 24 comte
1781 4038 32 24 de
1832 4037 64 26 Léu-

1306 4070 280 26 wenstein-Rochefort
1611 4070 26 23 et
1662 4075 29 17 sa
1716 4075 71 21 cour,
1812 4068 35 25 M.
1872 4070 25 24 le

1305 4103 112 24 Recteur
1429 4102 32 24 de
1473 4101 25 24 la
1512 4107 62 18 cure
1587 4100 126 29 primaire
1727 4099 31 24 de
1767 4099 127 30 Behogne,

1305 4134 25 24 le
1345 4133 87 28 clergé
1448 4132 31 25 de
1496 4132 25 24 la
1536 4131 119 29 paroisse
1670 4132 28 23 et
1715 4130 37 24 les
1769 4131 126 28 religieux

1306 4164 33 24 du
1358 4163 148 25 monastère
1524 4162 33 24 du
1577 4162 50 24 lieu
1650 4160 179 29 s'engagèrent
1847 4169 48 23 par

1305 4201 64 22 vœu,
1388 4195 32 24 du
1436 4200 59 18 nom
1510 4193 31 24 de
1556 4193 26 23 la
1594 4192 119 29 paroisse
1727 4192 15 24 à
1758 4192 63 24 aller
1834 4194 60 24 tous

1305 4226 37 24 les
1358 4232 55 21 ans,
1429 4225 23 24 le
1469 4224 72 25 lundi
1558 4224 31 23 de
1604 4223 25 24 la
1644 4222 145 28 Pentecôte,
1805 4230 31 20 eji
1852 4224 31 29 pè-

1306 4256 117 28 lerinage
1444 4257 15 23 à
1481 4253 249 30 Foy-Notre-Dame,
1755 4253 51 25 afin
1826 4254 58 24 d'ob-

1305 4287 71 24 tenir
1393 4293 49 22 par
1461 4286 32 28 là,
1514 4285 24 24 la
1557 4285 129 24 cessation
1706 4285 26 23 et
1751 4284 26 24 la
1794 4285 89 28 préser-

1306 4318 88 24 vation
1415 4317 33 24 de
1464 4317 26 24 la
1507 4317 74 27 peste
1598 4316 26 23 et
1643 4316 90 23 autres
1750 4314 89 29 plaies.
1859 4316 35 24 Ils

1306 4347 195 29 s'engageaient
1513 4347 16 24 à
1540 4346 87 29 partir
1639 4345 23 24 le
1675 4345 60 28 jour
1748 4345 32 25 de
1792 4345 25 25 la
1830 4346 52 25 Pen-

1305 4378 84 25 tecôte
1409 4380 16 23 à
1444 4377 103 27 minuit,
1569 4383 80 22 pour.
1655 4375 104 25 revenir
1778 4376 24 25 le
1821 4377 72 25 lundi

1306 4409 160 29 après-midi.

1340 4439 36 25 Ce
1397 4446 56 17 vœu
1477 4439 44 24 fut
1542 4437 122 28 toujours
1687 4437 144 26 fidèlement
1854 4446 28 17 ac-

1306 4470 100 28 compli.
1425 4470 40 23 En
1484 4468 70 28 1832,
1573 4468 34 23 M.
1626 4468 23 24 le
1667 4467 81 29 doyen
1766 4468 85 26 Gilain
1870 4470 24 24 le

1307 4500 137 25 renouvela
1466 4507 32 17 au
1523 4505 59 18 nom
1605 4498 30 24 de
1657 4505 46 17 son
1724 4499 98 29 peuple.
1853 4500 41 24 En

1308 4532 71 26 1855,
1402 4530 34 24 M.
1459 4530 127 26 Fichefet,
1608 4529 106 27 déléi?ué
1735 4530 16 23 à
1770 4532 42 22 cet
1831 4531 64 24 effet

1306 4568 48 23 par
1372 4561 35 24 M.
1427 4561 117 28 Jacques,
1563 4559 69 25 alors
1650 4560 82 28 doyen
1750 4560 31 24 de
1799 4561 84 24 Roche-

1307 4592 63 27 fort,
1392 4592 24 24 le
1435 4590 136 25 renouvela
1590 4590 150 28 également.

1340 4622 98 29 Depuis
1457 4622 71 28 1626,
1546 4621 25 24 la
1586 4621 148 29 procession
1751 4621 31 25 de
1799 4622 84 25 Roche-

1307 4653 54 25 fort
1383 4653 62 24 s'est
1465 4652 120 28 toujours
1607 4652 118 25 déroulée
1744 4652 31 26 de
1796 4653 25 25 la
1840 4654 42 24 mê-

1307 4691 40 18 me
1364 4683 122 25 manière.
1504 4683 37 24 La
1561 4685 72 27 peste
1650 4684 80 27 ayant
1745 4684 71 24 cessé
1834 4684 16 25 à
1867 4684 25 25 la

1307 4715 69 25 suite
1393 4715 32 24 du
1442 4713 148 31 pèlerinage
1606 4714 32 24 de
1652 4713 50 25 l'an
1722 4714 70 29 1626,
1809 4715 25 25 la
1848 4722 34 22 pa-

1307 4746 84 24 roisse
1408 4745 33 25 de
1458 4745 121 28 Behogne
1599 4744 166 29 (Rochefort)
1786 4752 29 18 se
1833 4746 59 24 crut

1306 4776 100 29 obligée
1426 4776 30 26 de
1476 4776 70 24 faire
1566 4782 50 18 une
1637 4775 202 26 démonstration
1861 4776 32 25 de

1308 4807 212 25 reconnaissance
1540 4814 30 17 en
1593 4806 133 25 l'honneur
1747 4807 31 25 de
1799 4807 94 25 Notre-

1307 4839 81 24 Dame
1413 4838 31 25 de
1467 4838 62 29 Foy.
1552 4837 21 24 Il
1597 4838 43 23 fut
1664 4837 63 25 donc
1752 4838 86 25 arrêté
1860 4845 32 17 en

1306 4877 63 17 cour
1385 4871 26 23 et
1430 4876 31 18 en
1478 4868 95 25 conseil
1591 4875 49 23 que
1657 4868 99 25 l'année
1774 4869 118 29 suivante

1306 4902 27 24 et
1346 4900 98 29 chaque
1459 4900 122 28 septième
1599 4899 81 25 année
1697 4900 63 24 dans
1775 4900 26 24 la
1815 4901 77 24 suite,

1305 4932 25 24 le
1350 4930 149 31 pèlerinage
1523 4938 28 17 se
1572 4930 81 24 ferait
1676 4939 12 14 «
1711 4937 60 18 sous
1793 4931 36 25 les
1851 4938 31 17 ar-

1306 4970 55 17 mes
1381 4972 21 15 ».
1421 4961 63 25 c'est
1505 4961 166 29 l'expression
1694 4968 90 18 encore
1804 4969 77 17 consa-

1306 4993 58 25 crée
1383 4992 173 29 aujourd'hui.

1341 5024 97 29 Depuis
1453 5024 52 24 lors
1523 5025 59 23 tous
1597 5023 36 24 les
1650 5030 54 20 ans,
1721 5023 23 25 le
1760 5024 132 24 dimanche

1308 5056 31 25 de
1360 5055 25 25 la
1408 5054 137 25 Pentecôte
1567 5055 15 23 à
1605 5054 94 24 minuit
1722 5054 37 24 les
1780 5054 112 29 pèlerins

1308 5086 172 26 rochefortois
1498 5087 126 27 prennent
1641 5084 26 25 la
1686 5086 74 24 route
1779 5085 32 25 de
1829 5086 62 27 Foy,

1307 5125 59 18 vers
1384 5118 15 24 7
1419 5117 92 24 heures
1530 5116 33 25 du
1581 5116 90 27 matin,
1689 5115 23 25 le
1730 5116 71 25 lundi
1819 5117 30 25 de
1867 5115 24 25 la

1307 5149 137 26 Pentecôte
1460 5148 31 24 ils
1508 5148 58 24 font
1583 5147 56 24 leur
1655 5147 88 25 entrée
1758 5147 134 25 solennelle

1307 5182 16 24 à
1339 5181 54 28 Foy
1408 5181 27 23 et
1452 5180 16 24 à
1482 5179 26 25 la
1525 5178 106 29 vesprée
1647 5186 32 16 on
1695 5178 37 25 les
1751 5179 54 24 vo.'t
1822 5185 58 18 reve-

1307 5212 43 24 nir
1371 5213 16 24 à
1409 5210 148 25 Rochefort.
1581 5209 84 24 brisés
1689 5209 30 25 de
1741 5210 109 27 fatigue,
1874 5208 17 24 il

1307 5245 40 23 est
1365 5242 65 26 vrai,
1447 5241 67 24 mais
1529 5240 83 30 pleins
1630 5240 30 24 de
1677 5240 52 28 joie
1746 5243 24 22 et
1788 5241 32 25 de
1834 5241 46 24 fier-

1306 5274 34 27 té,
1355 5273 127 25 confiants
1498 5279 31 17 en
1546 5271 55 25 leur
1619 5271 82 24 bonne
1717 5271 174 25 Notre-Dame

1308 5304 29 23 dn
1358 5304 60 28 Foy.

1934 598 83 19 heures
2037 596 25 19 45
2087 599 5 16 :
2114 595 116 24 Quelques
2249 595 93 25 disques
2361 594 29 22 fie
2407 597 77 23 piano.
2503 608 27 4 —

1937 625 23 19 17
1978 623 24 20 h.
2022 628 6 17 s
2052 622 99 20 Concert
2170 621 78 21 donné
2266 626 44 20 par
2327 622 140 21 l'Orchestre
2485 624 36 20 Ra-

1934 650 45 21 dio.
1997 659 27 4 —
2044 649 24 19 17
2088 648 23 20 h.
2131 649 26 20 30
2180 654 5 15 s
2207 649 106 20 Conseils
2332 654 58 19 pour
2407 650 53 20 bien
2479 655 42 19 par-

1935 678 38 22 ler,
1986 680 44 21 par
2044 675 31 20 M.
2087 675 106 24 Adolphe
2207 675 86 25 Hardy.
2305 686 29 7 —
2346 677 24 19 17
2385 679 23 18 n.
2422 677 25 21 35
2465 682 5 16 :
2486 678 34 20 Re-

1934 704 62 24 prise
2011 702 32 20 du
2062 704 93 18 concert
2174 702 79 20 donné
2273 707 43 20 par
2333 702 134 23 l'orcheslre
2485 705 46 19 Ra-

1933 731 45 20 crio.
1994 738 28 4 —
2037 729 25 20 18
2080 728 24 20 h.
2126 733 6 16 :
2151 729 186 25 Radio-jeun-ess.
2357 730 89 21 Séance
2464 731 57 20 réali-

1934 758 38 20 sée
1988 760 43 20 par
2050 756 31 19 M.
2099 756 75 20 Franz
2193 757 140 24 Weyergans
2355 762 5 15 :
2380 758 61 19 Pour
2458 758 63 20 chan-

1934 788 36 17 ter
1989 787 30 16 en
2036 782 82 21 chœur
2142 788 6 16 :
2171 788 12 15 «
2204 784 44 20 Les
2269 785 57 19 trois
2345 785 130 24 princesses
2499 790 31 16 au

1934 810 114 26 pommier
2069 809 63 21 doux
2155 815 19 15 ».
2197 820 28 5 —
2248 811 61 20 Petit
2333 811 95 25 journal
2452 812 75 24 parlé;

1934 838 30 20 Ls
1986 836 171 21 Marionnettes
2181 836 30 22 de
2230 837 208 25 Radio-Jeunesse;
2463 838 67 21 Boite

1934 869 45 16 aux
2000 863 90 23 leltres;
2114 868 12 15 «
2147 864 44 20 Les
2213 864 177 22 mésaventures
2410 866 30 20 de
2460 867 70 20 Jean-

1933 890 58 22 Paul
2012 890 121 24 Choppart
2157 895 19 17 »,
2194 891 41 24 jeu
2256 891 184 26 radiophonique
2461 893 61 21 d'An-

1932 917 42 22 dré
2007 917 110 22 Blandin,
2150 917 91 25 d'après
2278 919 69 20 Louis
2387 920 140 24 Desnoyers;

1935 945 71 20 Adieu
2029 944 106 20 musical.
2156 955 28 4 —
2207 945 26 20 18
2254 945 24 20 h.
2300 946 26 20 55
2350 952 5 17 :
2382 947 48 20 Ave
2453 947 77 20 Maria

1936 972 91 22 (Liszt).
2047 981 28 4 —
2095 971 24 20 19
2139 971 25 23 h.
2187 976 6 16 :
2215 972 111 21 Causerie
2343 973 125 24 religieuse
2487 978 43 20 par

1933 999 21 22 le
1973 998 27 20 R.
2018 998 25 19 P.
2066 998 183 24 S'.inglhamber,
2269 999 134 24 professeur
2421 1004 46 16 aux
2488 1001 32 20 Fa-

1933 1024 74 22 cultés
2023 1025 65 20 N.-D.
2108 1029 30 16 ae
2158 1025 24 20 la
2202 1026 58 20 Paix
2281 1025 15 21 à
2315 1026 97 20 Namur.
2430 1027 67 24 Sujet
2521 1033 6 17 :

1933 1057 13 16 «
1963 1052 32 20 Le
2013 1051 107 25 Message
2137 1051 31 21 de
2185 1051 91 25 Pâques
2298 1058 6 15 s
2325 1053 84 20 Servir.
2428 1058 13 15 »
2458 1064 28 4 —
2505 1055 25 19 19

1932 1080 83 19 heures
2034 1079 25 19 15
2080 1082 5 16 :
2106 1078 82 21 Valses
2203 1079 81 20 nobles
2302 1083 24 17 et
2346 1080 183 21 sentimentales.

1931 1117 28 4 —
1973 1105 25 21 19
2013 1104 23 21 h.
2051 1105 26 21 30
2094 1110 5 16 :
2117 1105 99 21 Journal
2232 1106 72 24 parlé.
2319 1117 29 5 —
2362 1107 26 20 20
2402 1107 26 23 h.
2445 1113 6 17 :
2469 1108 51 20 Con-

1932 1133 48 21 cert
1996 1131 30 22 de
2042 1136 106 21 musique
2164 1132 82 25 légère.
2262 1142 29 6 —
2305 1134 25 20 20
2345 1133 25 20 h.
2385 1134 26 20 30
2431 1139 6 15 s
2457 1135 62 20 Musi-

1933 1164 42 20 que
1995 1159 148 25 enregistrée.
2162 1170 28 4 —
2209 1160 26 20 22
2254 1159 25 21 h.
2300 1161 24 20 10
2349 1166 6 17 :
2374 1160 107 21 Concert.

1960 1192 174 21 BRUXELLES
2162 1193 125 23 (Emission
2313 1193 128 24 flamande)
2469 1196 59 26 321,9

1959 1226 13 20 6
1991 1225 24 21 h.
2035 1226 26 20 30
2076 1228 25 19 et
2120 1227 13 20 8
2150 1226 25 21 h.
2196 1232 5 16 :
2226 1227 106 25 Disques.
2350 1238 29 4 —
2397 1228 13 20 8
2427 1227 25 24 h.
2471 1228 27 21 25
2521 1233 6 17 :

1932 1252 98 22 Journal
2049 1252 72 26 parlé.
2141 1263 28 5 —
2187 1254 12 20 9
2215 1254 24 20 h.
2264 1260 6 17 :
2292 1254 119 21 Sélection
2429 1254 100 22 chantée

1933 1280 28 21 de
1975 1284 13 15 «
2004 1279 90 21 Manon
2110 1285 12 15 »
2141 1281 151 21 (Massenet).
2306 1291 29 5 —
2350 1282 25 20 10
2390 1281 24 20 h.
2434 1287 5 16 :
2456 1282 64 20 Emis-

1932 1307 51 21 sion
1999 1306 101 25 spécial
2117 1307 29 21 de
2167 1308 28 20 K.
2213 1308 25 20 V.
2256 1308 29 23 R.
2302 1308 28 23 O.
2345 1308 128 24 Diffusion,
2490 1308 30 21 de-

1931 1333 52 26 puis
2004 1333 24 20 la
2048 1333 141 23 Cathédrale
2209 1334 31 22 de
2260 1335 146 21 St-Salvalor
2422 1335 30 21 de
2471 1336 49 20 Bru-

1932 1365 45 21 ges,
1991 1359 30 21 de
2034 1360 23 20 la
2069 1365 14 16 «
2095 1361 75 20 Missa
2182 1366 30 16 ae
2225 1362 97 24 Angelis
2334 1367 19 15 ».
2365 1372 30 7 —
2408 1363 24 20 11
2445 1362 24 21 h.
2483 1363 30 20 15'
2521 1367 5 16 :

1931 1386 116 22 Emission
2061 1388 103 24 agricole
2176 1389 24 19 et
2213 1388 121 21 horticole.
2349 1399 29 5 —
2391 1389 25 20 11
2434 1389 24 20 h.
2474 1390 26 20 30
2520 1395 6 17 :

1930 1412 163 24 Déclamation
2110 1414 95 25 lyrique.
2219 1424 29 6 —
2264 1416 25 20 12
2305 1415 25 21 h.
2351 1420 6 17 :
2378 1416 150 25 Programme

1930 1440 30 22 de
1975 1441 88 22 casino.
2080 1451 28 4 —
2126 1442 24 19 12
2168 1441 24 23 h.
2209 1442 26 20 31
2256 1447 6 15 s
2282 1442 127 21 Orchestre
2425 1443 30 20 de
2470 1443 57 25 jazz.

1930 1478 28 6 —
1980 1468 25 20 13
2027 1467 23 21 h.
2077 1473 7 18 ;
2109 1468 99 20 Journal
2234 1468 71 25 parlé.
2325 1480 27 4 —
2376 1470 25 20 13
2422 1469 25 21 h.
2467 1471 26 20 10
2520 1475 5 16 :

1929 1495 98 24 Reprise
2045 1494 33 22 du
2097 1496 95 20 concert
2211 1499 43 21 par
2273 1496 135 22 l'orchestre
2424 1497 29 20 de
2471 1497 57 24 jazz.

1931 1532 28 5 —
1975 1522 24 20 13
2016 1521 24 21 h.
2059 1522 26 21 30
2107 1527 6 16 :
2133 1522 105 25 Disques.
2255 1533 29 6 —
2301 1523 26 20 14
2344 1523 24 20 h.
2387 1524 24 20 15
2434 1529 6 18 :
2457 1524 70 21 Votre

1932 1548 89 23 lettre...
2038 1549 69 20 notre
2123 1548 89 26 disque.
2227 1559 29 5 —
2276 1550 26 19 14
2318 1549 24 21 h.
2360 1550 26 20 45
2408 1555 4 15 :
2432 1551 33 20 1>
2482 1555 37 16 ser-

1929 1576 50 21 vice
1995 1575 99 21 murical
2114 1576 61 21 dans
2195 1576 22 21 le
2237 1580 107 17 nouveau
2366 1576 115 23 bâtiment
2499 1578 29 20 de

1930 1603 33 21 IX
1976 1603 28 20 N.
2017 1603 36 27 R.,
2068 1605 112 22 montage
2193 1603 192 25 radiophonique.
2398 1614 28 5 —
2440 1604 26 20 15
2477 1604 24 21 h.
2519 1610 6 16 :

1929 1630 84 21 heures
2026 1630 27 20 30
2072 1634 7 17 :
2095 1630 80 24 Orgue
2190 1630 30 21 de
2234 1630 100 21 cinéma.
2349 1641 30 5 —
2393 1631 26 21 17
2435 1630 24 21 h.
2475 1632 26 20 45
2518 1636 7 16 :

1928 1657 105 24 Disques.
2050 1666 29 6 —
2096 1657 26 21 16
2139 1657 25 23 h.
2179 1657 26 21 05
2225 1661 7 17 :
2251 1657 104 21 Festival
2370 1662 41 16 sur
2428 1657 22 22 le
2467 1658 51 20 kios-

1928 1688 51 21 que.
1992 1693 30 6 —
2038 1684 25 20 16
2078 1683 25 24 h.
2117 1684 27 21 30
2165 1690 6 17 :
2190 1684 106 21 Matinée
2311 1684 42 21 enf
2354 1689 42 16 an.
2398 1688 45 17 -ne.
2459 1695 29 5 —
2501 1685 25 21 IT

1928 1711 84 21 heures
2027 1711 27 20 45
2076 1715 7 16 :
2101 1711 34 20 La
2151 1711 127 21 Pentecôte
2293 1711 61 21 dans
2370 1711 25 22 la
2410 1711 108 21 littératu-

1928 1742 27 17 re
1973 1738 25 20 et
2016 1737 24 21 la
2061 1738 113 25 musique.
2194 1747 29 6 —
2243 1739 25 20 18
2288 1738 25 21 h.
2333 1739 27 20 45
2385 1744 6 18 ;
2415 1738 111 21 Causerie

1930 1764 131 26 religieuse,
2086 1769 44 20 par
2151 1765 23 21 le
2197 1765 29 21 R.
2252 1765 125 21 Chanoine
2399 1766 27 19 A.
2456 1766 60 20 Jans-

1928 1796 48 19 sen,
1990 1791 141 24 professeur.
2147 1792 68 24 Sujet
2233 1796 6 17 :
2256 1797 13 16 «
2284 1793 73 20 Noms
2371 1792 30 21 de
2415 1792 76 21 Marie
2506 1798 19 15 ».

1928 1829 29 5 —
1980 1819 26 20 19
2026 1818 25 21 h.
2077 1824 7 18 ;
2109 1819 105 24 Disques.
2235 1830 29 4 —
2286 1820 25 20 19
2332 1819 24 20 h.
2379 1819 27 21 30
2432 1824 6 16 :
2457 1820 60 20 Jour-

1928 1845 41 22 nal
1984 1845 73 25 parlé.
2069 1856 29 4 —
2111 1846 27 20 20
2153 1846 24 20 h.
2198 1851 5 15 :
2220 1846 53 20 Non
2288 1848 53 22 stop
2353 1846 6 20 !
2376 1845 77 22 Redit
2461 1846 64 21 door.

1927 1883 29 5 —
1976 1873 27 20 22
2024 1872 25 23 h.
2076 1877 7 16 :
2106 1872 100 21 Journal
2227 1872 72 26 parlé.
2321 1883 30 6 —
2371 1873 27 20 22
2416 1872 24 22 h.
2464 1873 26 21 10
2516 1878 6 19 ;

1929 1899 126 22 Orchestre
2070 1899 30 21 de
2116 1899 57 25 jazz.

1957 1932 217 21 RADIO-BINCHE

1953 1966 14 21 9
1978 1965 25 22 h.
2022 1970 7 17 ;
2047 1966 116 21 Marches.
2178 1977 28 4 —
2218 1967 13 20 9
2246 1966 24 21 h.
2287 1967 26 20 15
2332 1972 6 15 :
2356 1966 97 21 Danses.
2469 1977 27 5 —
2511 1967 14 20 9

1927 1993 85 21 heures
2028 1993 27 20 30
2077 1998 6 18 ;
2102 1993 92 21 Chants
2213 1998 7 16 :
2237 1994 33 20 La
2287 1994 150 24 castagnetta
2456 1994 70 20 (Gar-

1927 2020 66 21 doni)
2007 2024 6 19 ;
2032 2020 41 20 S'il
2088 2021 40 24 n'y
2144 2021 64 20 avait
2225 2024 43 21 pas
2284 2020 33 21 les
2333 2020 90 21 soldats
2444 2021 73 21 (Bous-

1928 2048 76 24 quet);
2028 2046 195 22 Ressouvenance
2249 2047 149 24 (Fattorini);
2429 2047 60 21 Fille
2510 2047 15 21 à

1927 2073 88 22 soldats
2038 2074 115 24 (Scotto);
2176 2074 77 21 Echos
2269 2074 33 20 du
2322 2074 80 21 vallon
2425 2074 100 22 (St-Ser-

1927 2102 69 22 van);
2022 2100 36 25 Ça
2077 2102 47 19 m'a
2147 2101 85 25 vesqué
2266 2101 152 22 (Fernandel)
2433 2105 6 20 ;
2478 2101 46 21 J'ai

1927 2127 80 21 trouvé
2030 2132 47 16 une
2099 2128 60 20 fleur
2188 2128 136 25 (Georges);
2359 2128 93 21 Chants
2482 2133 42 16 aes

1928 2154 88 22 soldats
2036 2154 120 25 d'Afrique
2177 2155 110 22 (Scotto).
2307 2164 30 5 —
2357 2155 26 20 10
2402 2155 24 23 h.
2451 2161 7 17 :
2482 2155 33 21 Or-

1926 2181 92 21 chestre
2042 2182 102 20 musette
2168 2182 117 24 Deprince
2312 2186 7 17 :
2345 2181 114 21 Chanson
2490 2182 32 20 du

1927 2208 119 26 gondolier
2081 2209 128 23 (Poterat);
2258 2208 73 25 Après
2354 2208 30 21 de
2406 2208 24 21 la
2453 2209 69 20 Seine

1929 2235 133 24 (Himmel);
2082 2235 101 21 Refrain
2202 2235 42 22 des
2265 2236 106 20 chevaux
2404 2235 31 22 de
2472 2236 50 20 bois

1928 2262 163 24 (Alexander);
2113 2263 39 20 Un
2170 2263 60 24 jour,
2249 2262 25 25 je
2292 2263 25 20 te
2334 2262 61 21 dirai
2418 2262 40 22 (de
2477 2263 46 20 Ba-

1925 2289 60 23 det);
2006 2289 46 21 Sur
2075 2293 56 16 mon
2166 2289 95 22 chemin
2302 2289 122 22 (Himmel)
2438 2294 6 19 ;
2489 2290 33 20 La

1925 2316 114 21 ranchera
2064 2316 139 21 (Monfred).
2222 2327 28 4 —
2269 2317 26 20 10
2314 2316 24 21 h.
2359 2317 26 20 30
2409 2321 5 16 :
2437 2317 84 24 Spirou

1935 2343 79 26 reçoit,
2039 2342 107 22 scènette
2175 2343 128 21 enfantine
2333 2343 188 21 d'Emile-André

1925 2370 94 23 Robert.
2035 2380 28 5 —
2080 2371 25 20 10
2120 2370 25 20 h.
2162 2371 25 19 45
2208 2375 6 16 :
2233 2370 133 21 Orchestre.
2381 2381 29 4 —
2424 2371 25 20 11
2465 2370 48 21 heu-

1924 2401 37 18 res
1981 2397 25 21 15
2030 2402 5 16 :
2057 2397 93 21 Chants
2169 2401 44 21 par
2231 2398 106 20 Maurice
2364 2397 125 23 Chevalier
2513 2403 6 18 ;

1925 2424 61 21 C'est
2002 2428 57 16 mon
2074 2424 53 25 p'tit
2141 2423 65 26 doigt
2226 2424 86 25 (Telly)
2326 2428 6 20 ;
2353 2424 22 20 Y
2389 2429 16 15 a
2418 2424 33 21 du
2466 2424 46 20 bon-

1924 2451 58 21 heur
1997 2455 59 20 pour
2073 2452 51 19 tout
2139 2451 22 20 le
2177 2450 85 22 monde
2281 2450 113 25 (Lattes);
2413 2451 107 24 Marylou

1928 2478 113 24 (Scotto);
2068 2478 45 20 Les
2135 2479 63 19 mots
2221 2479 69 23 qu'on
2327 2478 109 23 voudrait
2472 2478 50 20 dire

1927 2504 140 21 (Oberfeld).
2084 2515 30 5 —
2130 2505 25 20 11
2173 2504 24 21 h.
2216 2505 26 20 30
2264 2511 6 17 :
2292 2505 126 21 Orchestre
2434 2506 87 19 muse'.-

1926 2531 29 21 te.
1971 2542 29 4 —
2013 2532 26 20 11
2059 2531 24 21 h.
2101 2532 27 20 45
2146 2536 7 16 :
2173 2531 93 21 Chants
2286 2536 7 17 :
2311 2532 35 20 La
2364 2532 99 21 cascade
2480 2532 41 21 des

1924 2563 126 16 amoureux
2072 2558 119 22 (Granon)
2205 2562 6 21 ;
2235 2559 39 20 Un
2295 2559 53 24 jour
2370 2558 64 21 chéri
2459 2559 62 21 (Sto-

1925 2586 39 20 ne)
1979 2590 10 18 t
2001 2586 62 20 Mais
2076 2585 25 25 je
2114 2586 80 20 t'aime
2209 2586 103 23 (Halet);
2330 2586 62 21 C'est
2406 2590 34 16 un
2453 2585 69 21 adieu

1927 2612 150 23 (Siniavine).
2091 2622 29 5 —
2134 2613 26 19 12
2175 2612 23 21 h.
2217 2617 6 16 :
2240 2612 100 21 Concert
2355 2617 44 20 par
2413 2612 98 21 l'orches-

1925 2639 36 23 tre
1980 2639 33 21 du
2031 2639 56 21 Vert
2108 2640 62 22 Bois,
2195 2638 15 22 à
2227 2639 119 21 Bomerée.
2365 2650 29 5 —
2414 2640 26 20 17
2460 2639 25 22 h.
2511 2645 7 19 :

1925 2665 125 21 Morceaux
2066 2665 135 22 demandés.
2216 2676 27 4 —
2242 2675 4 5 •
2262 2667 25 20 18
2303 2666 25 21 h.
2349 2672 6 15 :
2373 2668 62 21 Jazz.
2452 2677 28 4 —
2498 2667 24 20 18

1923 2692 84 21 heures
2022 2693 24 20 15
2065 2699 5 17 :
2086 2693 102 21 Violons.
2201 2704 29 4 —
2243 2694 25 20 18
2280 2693 25 20 h.
2318 2694 27 20 30
2361 2699 6 15 :
2383 2693 45 21 Bal
2441 2693 71 21 cham-

1924 2719 71 26 pêtre.
2016 2730 29 5 —
2065 2720 25 20 19
2107 2719 24 21 h.
2160 2724 6 16 s
2190 2720 127 21 Orchestre
2334 2721 103 20 musette
2458 2720 63 21 Gué-

1925 2747 57 20 rino.
2002 2757 28 4 —
2051 2747 25 20 19
2095 2746 24 23 h.
2142 2747 26 20 30
2193 2752 5 16 :
2221 2747 132 21 Orchestre.

1948 2781 115 20 ANVERS
2110 2782 69 19 (T204.8
2203 2784 39 19 m.)

1947 2814 12 20 7
1980 2813 24 21 h.
2029 2819 6 17 ;
2059 2813 152 25 Programme
2227 2814 65 20 varie
2322 2824 26 4 —
2370 2814 26 20 10
2415 2813 24 21 h.
2459 2813 27 21 30
2510 2818 6 16 :

1921 2840 56 21 cert.
1993 2849 30 6 —
2038 2841 24 20 11
2079 2841 19 20 h
2121 2841 27 21 30
2168 2845 5 16 :
2192 2840 77 21 Echos
2285 2840 30 20 de
2332 2840 23 20 la
2372 2840 61 22 viile.
2448 2850 28 6 —
2493 2841 25 19 12

1921 2868 35 19 La
1975 2867 145 21 demi-heure
2136 2867 132 23 enfantin*.
2289 2877 28 5 —
2338 2867 25 20 11
2384 2867 24 20 h.
2432 2871 6 17 :
2459 2867 60 20 Con-

1922 2894 85 21 he-res
2023 2894 27 21 30
2070 2900 6 17 ;
2099 2894 105 25 Disques.
2217 2904 28 5 —
2261 2894 26 21 20
2304 2896 24 18 n.
2349 2899 6 15 :
2372 2894 105 24 Disques.
2493 2904 27 4 —

1922 2922 27 19 20
1963 2921 25 20 h.
2004 2921 26 20 30
2050 2925 6 16 :
2071 2922 32 20 Le
2119 2921 95 21 crochet
2228 2920 102 25 Napolis.
2346 2931 28 4 —
2389 2921 26 20 21
2431 2920 25 21 h.
2472 2921 26 20 30
2511 2926 5 17 :

1923 2948 100 22 Concert
2041 2947 31 21 de
2089 2948 54 20 nuit
2160 2947 71 23 varié.
2250 2957 29 5 —
2295 2948 27 20 23
2340 2947 24 23 h.
2387 2952 6 16 :
2411 2947 107 25 Musique

1921 2975 29 20 de
1967 2974 81 21 danse.

1951 3008 263 21 RADIO-AROENNES
2237 3009 69 26 (Î67,4
2329 3009 41 22 m.)

1949 3041 13 20 7
1983 3040 24 21 h.
2031 3044 7 17 :
2060 3040 109 25 Musique
2187 3040 129 25 religieuse.
2337 3050 27 5 —
2381 3040 12 20 7
2414 3040 24 20 h.
2460 3041 25 19 20
2510 3046 6 15 s

1921 3067 85 23 divers.
2018 3078 3 6 -
2020 3077 27 6 —
2059 3067 13 20 7
2086 3067 25 21 h.
2125 3068 27 20 45
2171 3073 6 17 :
2194 3067 101 21 Concert
2309 3066 41 21 des
2365 3064 26 23 Â
2405 3067 30 22 R.
2449 3067 27 22 A.
2490 3076 29 6 —

1921 3105 27 4 —
1964 3095 13 20 8
1988 3094 25 21 h.
2028 3094 25 20 15
2072 3099 7 18 ;
2096 3094 134 25 Chronique
2244 3095 23 19 et
2282 3093 103 21 courrier
2398 3093 42 21 des
2453 3094 64 20 Amis

1921 3121 40 21 des
1976 3121 28 20 R.
2019 3121 25 20 A.
2059 3130 28 5 —
2103 3121 25 20 17
2143 3120 24 21 h.
2187 3125 5 16 :
2209 3121 104 20 Extraits
2328 3120 146 25 d'opérettes.
2489 3131 29 4 —

1921 3148 26 21 17
1965 3147 25 23 h.
2011 3148 26 20 15
2060 3151 6 17 :
2087 3148 32 20 Le
2139 3147 142 25 Doryphore,
2320 3147 110 20 causerie.
2448 3157 28 5 —
2492 3147 25 20 17

1920 3175 84 20 heures
2020 3174 26 21 30
2065 3178 5 16 :
2088 3174 35 20 La
2138 3174 144 21 demi-heure
2298 3174 40 20 des
2351 3173 156 21 Gardes-fron-

1921 3202 74 24 tières.
2010 3212 29 5 —
2054 3202 25 21 18
2095 3201 24 21 h.
2138 3206 6 17 :
2161 3201 46 21 Bal
2222 3201 125 25 populaire.

1949 3237 152 19 WA-.IONIA
2129 3237 56 21 (201.
2189 3244 7 11 i
2221 3245 30 12 ....

1947 3270 13 20 7
1976 3269 24 23 h.
2024 3274 7 16 :
2052 3269 108 24 Musique
2179 3269 32 20 du
2232 3269 82 20 matin.
2334 3279 29 4 —
2382 3268 12 20 7
2414 3268 25 20 h.
2456 3268 27 20 50
2507 3273 5 16 :

1921 3297 104 24 Disques.
2044 3306 29 4 —
2090 3296 14 20 8
2123 3296 24 20 h.
2169 3301 7 15 s
2197 3296 80 20 Relais
2296 3295 30 20 de
2345 3295 33 20 La
2397 3294 118 21 Louvière.

1919 3335 28 4 —
1962 3324 25 20 13
2001 3323 24 20 h.
2044 3328 6 17 :
2069 3323 100 20 Concert
2184 3322 134 21 dominical.
2333 3331 28 6 —
2377 3322 24 20 15
2419 3321 25 23 h.
2460 3322 26 20 30
2506 3327 6 17 :

1920 3350 100 21 Cabaret
2039 3352 95 18 concert
2147 3348 34 21 du
2199 3349 48 24 Coq
2262 3349 91 20 wallon.
2371 3359 28 4 —
2417 3348 24 20 16
2459 3348 24 20 h.
2506 3353 6 16 :

1919 3377 107 24 Musique
2043 3375 84 26 légère.
2143 3385 30 5 —
2190 3376 25 20 16
2231 3375 25 20 h.
2274 3376 26 20 30
2322 3380 6 16 :
2347 3375 31 20 In
2394 3374 121 21 Mainnât-

1920 3404 42 21 che
1979 3408 32 16 au
2030 3403 80 23 Micro,
2128 3402 82 21 sketch
2227 3402 90 20 wallon.
2333 3412 29 6 —
2379 3402 25 20 16
2419 3401 24 21 h.
2459 3402 26 20 45
2506 3406 5 16 :

1919 3429 111 24 Variétés.

1946 3463 83 21 LILLE
2053 3463 68 23 (247,3
2141 3463 40 22 m.)

1945 3497 14 21 6
1974 3496 25 21 h.
2017 3497 27 20 40
2061 3496 25 20 et
2103 3496 14 20 8
2133 3493 24 23 h.
2175 3495 27 21 40
2224 3499 5 16 :
2250 3495 104 24 Disques.
2371 3505 29 4 —
2415 3494 27 20 10
2457 3494 47 21 heu-

1919 3529 37 16 res
1973 3524 25 20 05
2020 3529 6 16 :
2046 3523 104 23 Disques.
2166 3532 29 4 —
2214 3522 25 20 11
2255 3521 25 20 h.
2297 3522 27 20 50
2341 3527 7 17 ;
2366 3521 106 24 Disques.
2486 3531 28 5 —

1919 3552 24 19 11
1961 3550 24 20 h.
2003 3550 25 20 35
2051 3554 6 16 :
2078 3548 130 21 Chansons.
2225 3558 28 5 —
2269 3548 25 20 12
2312 3547 25 23 h.
2359 3552 6 16 :
2386 3547 127 21 Orchestre

1919 3578 29 20 de
1964 3577 24 20 la
2003 3576 95 21 station.
2114 3586 29 4 —
2159 3576 25 20 13
2200 3574 24 21 h.
2241 3575 27 20 20
2285 3579 5 16 :
2309 3574 91 21 Danses
2413 3573 30 22 de
2460 3575 53 19 tous

1918 3608 64 21 pays.
1996 3612 30 6 —
2043 3603 25 20 14
2081 3602 25 22 h.
2122 3602 26 20 05
2167 3606 6 16 :
2190 3601 117 21 Emission
2322 3600 107 26 agricole.
2443 3611 4 7 .
2446 3611 27 5 —
2487 3601 26 20 14

1918 3632 85 19 heures
2019 3630 26 20 35
2068 3634 6 18 :
2096 3629 108 24 Musique
2221 3628 30 20 de
2269 3627 79 21 danse.
2366 3638 29 5 —
2413 3628 27 20 18
2454 3627 25 23 h.
2503 3634 6 17 ;

1919 3658 51 21 Une
1989 3655 144 22 aeœi-heure
2156 3655 30 20 de
2210 3654 68 25 gaité.
2302 3664 29 6 —
2353 3655 26 20 19
2401 3654 25 20 h.
2450 3655 26 19 15
2504 3659 6 16 :

1919 3684 87 25 Sports.
2027 3693 28 5 —
2076 3683 25 20 19
2121 3682 24 20 h.
2167 3682 26 21 30
2217 3687 7 16 :
2246 3680 106 22 Journal.
2372 3691 29 5 —
2420 3681 27 21 20
2468 3680 23 20 h.
2502 3685 6 16 :

1919 3711 103 23 Journal.
2040 3721 28 4 —
2085 3711 25 19 21
2127 3709 24 24 h.
2169 3710 26 20 30
2216 3714 6 16 :
2241 3709 107 21 Concert.

1945 3750 122 22 PARIS-P.
2085 3750 25 20 T.
2134 3751 7 18 I
2175 3750 68 22 (431,7
2263 3750 41 22 m.)

1944 3785 13 20 7
1972 3783 25 21 h.
2013 3783 27 20 20
2061 3788 7 18 ;
2087 3782 105 24 Disques.
2208 3791 30 8 —
2254 3782 12 20 8
2279 3781 25 23 h.
2319 3781 26 21 40
2366 3787 6 17 :
2392 3780 111 21 Radio-re-

1917 3811 103 26 portage.
2038 3819 28 5 —
2080 3809 13 20 8
2108 3808 23 21 h.
2147 3809 27 20 20
2193 3813 5 16 :
2217 3808 104 24 Disques.
2337 3818 28 4 —
2379 3808 26 20 10
2418 3807 24 20 h.
2457 3807 26 20 45
2503 3812 5 15 :

1918 3838 129 21 Chansons.
2067 3845 29 5 —
2114 3835 24 20 11
2158 3834 24 21 h.
2203 3835 26 20 20
2253 3840 6 15 :
2281 3835 32 20 Le
2329 3835 70 24 quart
2414 3833 96 21 d'heure

1917 3865 40 20 des
1973 3862 127 23 auditeurs.
2115 3872 28 4 —
2159 3862 25 20 12
2200 3861 24 21 h.
2240 3862 25 20 20
2285 3865 6 17 :
2309 3862 152 23 Programme
2474 3864 27 16 so-

1918 3896 57 16 nore
1991 3890 30 20 de
2040 3889 24 20 la
2083 3888 110 21 semaine.
2213 3898 29 5 —
2262 3888 24 20 12
2306 3887 24 21 h.
2350 3888 26 20 30
2401 3893 6 18 ;
2432 3887 69 21 Chan

1917 3922 55 17 sons
1990 3914 152 26 interprétées
2162 3919 43 20 par
2227 3915 128 20 Germaine
2377 3914 83 25 Roger.
2483 3923 19 5 —

1918 3945 24 20 13
1958 3944 24 20 h.
1999 3943 26 21 40
2046 3948 6 17 :
2071 3942 110 20 Causerie
2198 3941 100 25 agricole
2318 3946 6 16 :
2343 3946 13 15 «
2372 3940 33 22 Le
2421 3940 79 25 problè-

1918 3976 37 16 me
1971 3969 42 22 des
2030 3968 101 22 céréales
2152 3968 147 20 secondaires
2316 3972 20 19 »,
2353 3971 44 21 par
2414 3968 32 20 M.
2464 3968 47 19 Ha-

1920 3996 159 24 vard-Duclos.
2106 3994 121 25 ingénieur
2252 3998 132 21 agronome.
2421 4003 28 7 —
2484 3994 24 20 13

1916 4025 84 20 heures
2023 4023 26 20 55
2076 4027 6 15 s
2108 4021 163 21 Présentation
2290 4021 32 20 du
2340 4020 117 25 spectacle
2480 4021 29 20 de

1916 4049 218 27 l'Opéra-Comique.
2154 4058 27 5 —
2199 4049 25 19 17
2243 4048 23 20 h.
2289 4053 6 15 s
2315 4048 105 24 Disques.
2437 4057 30 5 —
2484 4048 25 20 18

1916 4079 86 20 heures
2026 4080 5 17 ;
2056 4076 87 20 Contes
2164 4074 30 21 de
2215 4075 96 20 Trisian
2333 4074 113 27 Bernard,
2472 4074 37 20 lus

1916 4109 42 21 par
1974 4103 55 21 Mlle
2043 4101 192 26 Reyna-Capello.
2250 4111 29 5 —
2294 4101 25 21 18
2334 4101 24 20 t.
2375 4101 25 21 15
2420 4107 6 17 :
2442 4101 57 21 Jour-

1916 4131 48 21 nal.
1977 4140 29 5 —
2023 4129 26 21 18
2066 4129 24 20 h.
2108 4129 28 20 30
2156 4133 5 16 :
2182 4128 104 25 Disques.
2302 4138 29 5 —
2347 4128 27 20 20
2390 4127 25 21 h.
2437 4133 6 18 ;
2463 4128 45 21 Les

1916 4157 72 21 frères
2012 4157 99 23 Jacques
2132 4154 137 25 présentent
2293 4159 6 16 :
2322 4155 32 22 M.
2376 4154 131 21 Daniderff.

1914 4195 27 5 —
1958 4184 25 20 20
1997 4183 24 22 h.
2039 4183 26 20 30
2086 4187 5 15 :
2110 4181 103 21 Théâtre
2229 4181 65 25 parlé
2315 4186 6 16 :
2337 4181 32 20 Le
2386 4181 121 21 Président

1915 4212 147 20 Hautecœur,
2079 4208 64 26 pièce
2158 4213 31 16 en
2206 4209 12 20 3
2235 4209 64 20 actes
2315 4208 29 20 de
2360 4208 77 24 Roger
2451 4208 45 20 Fer-

1916 4238 94 24 dinand,
2028 4241 41 16 ave
2087 4236 24 20 la
2126 4236 91 24 Troupe
2231 4236 31 20 du
2278 4235 102 21 Théâtre
2397 4236 110 20 National

1916 4266 28 20 de
1963 4263 102 22 l'Odéon.

1944 4303 191 22 RADIO-PARIS
2158 4304 87 21 (1.648,3
2264 4303 40 20 m.)

1941 4339 13 19 7
1970 4337 24 23 h.
2011 4337 27 20 20
2057 4341 6 18 :
2083 4335 98 24 Disques
2194 4334 30 21 de
2240 4334 79 20 danse.
2335 4344 30 6 —
2379 4334 14 20 9
2409 4333 24 21 h.
2449 4335 27 20 40
2497 4340 6 17 :

1916 4365 99 21 Concert
2033 4361 70 22 varié.
2121 4371 30 5 —
2170 4362 25 20 10
2214 4361 24 20 h.
2258 4362 26 19 30
2305 4366 6 15 s
2333 4361 110 20 Causerie
2463 4365 43 20 par

1916 4391 56 21 Paul
1991 4391 115 19 Provence
2131 4393 5 15 :
2155 4387 111 21 Chevaux
2284 4387 59 20 fous.
2361 4397 28 4 —
2407 4388 25 19 10
2450 4387 46 21 heu-

1916 4423 37 16 res
1971 4417 25 20 45
2019 4421 6 15 :
2046 4415 105 24 Disques.
2170 4424 28 5 —
2217 4415 24 19 11
2257 4414 25 22 h.
2305 4419 5 15 :
2331 4414 84 24 Orgue.
2433 4424 28 4 —
2480 4414 25 20 12

1914 4447 83 20 heures
2018 4448 6 16 :
2044 4442 110 21 Causerie
2171 4440 121 25 religieuse
2313 4445 7 17 :
2339 4441 107 20 L'assaut
2462 4440 43 21 des

1915 4474 74 19 forces
2011 4469 117 21 invisibles
2152 4473 5 16 :
2181 4469 52 20 Une
2253 4469 124 23 puissance
2410 4468 15 20 à
2459 4473 37 16 em-

1914 4500 84 24 ployer,
2012 4501 43 20 par
2073 4496 22 20 le
2108 4496 29 20 R.
2153 4496 24 19 P.
2193 4495 29 20 de
2236 4495 118 22 Parvillez.
2369 4505 27 4 —
2410 4495 24 20 12
2449 4494 47 21 heu-

1914 4518 45 29 res"
1967 4515 31 30 30'
2012 4529 6 15 s
2036 4522 117 21 Mélodies.
2168 4532 28 4 —
2212 4522 25 20 12
2252 4521 25 21 h.
2292 4522 26 20 45
2334 4527 6 15 s
2358 4522 105 20 Journal.
2478 4532 28 6 —

1916 4554 24 19 13
1958 4551 24 20 h.
2002 4551 25 19 15
2050 4554 6 16 :
2077 4549 100 20 Concert
2194 4548 71 22 varié.
2283 4558 29 5 —
2331 4549 25 19 14
2371 4548 24 20 h.
2418 4554 6 17 ;
2445 4549 50 20 Con-

1914 4582 49 18 cert
1979 4576 71 23 varié.
2067 4585 28 5 —
2111 4576 26 19 14
2156 4574 23 21 h.
2194 4575 27 20 30
2242 4581 6 17 ;
2266 4574 198 25 Radio-jeunesse.
2478 4586 28 4 —

1915 4606 24 20 15
1956 4604 24 20 h.
1999 4603 26 20 45
2046 4607 6 14 s
2072 4602 48 20 Nos
2139 4601 86 21 trésors
2243 4600 32 22 du
2293 4601 68 25 passé
2377 4606 58 16 vous
2453 4606 43 20 par-

1914 4632 48 21 lent
1978 4635 6 16 :
2001 4630 44 19 Les
2060 4627 141 26 Nymphéas,
2216 4627 30 21 de
2261 4628 88 20 Claude
2364 4628 91 24 Monet;
2473 4629 31 20 Le

1915 4660 86 19 bureau
2020 4656 30 21 de
2066 4656 33 19 La
2119 4655 103 24 Fayette.
2240 4664 29 5 —
2286 4655 25 20 16
2333 4654 24 21 h.
2397 4655 24 20 15
2445 4660 6 16 :
2472 4656 31 20 Le

1914 4688 67 22 quart
2000 4682 97 21 d'heure
2119 4680 113 21 littéraire
2254 4681 41 21 des
2317 4681 90 25 jeunes.
2428 4692 28 4 —
2479 4682 24 20 17

1913 4713 84 19 heures
2020 4714 6 18 :
2048 4708 125 21 Chansons
2191 4712 44 20 par
2253 4708 61 20 Lina
2331 4708 82 25 Tyber.
2430 4719 3 7 .
2432 4718 28 7 —
2478 4709 25 19 17

1913 4739 83 20 heures
2018 4736 25 19 15
2064 4739 5 16 :
2092 4735 43 20 Les
2157 4734 145 22 fantaisistes
2323 4735 67 23 Jean.
2412 4736 42 20 Jac
2478 4736 24 19 et

1914 4766 35 20 jo.
1967 4773 27 5 —
2015 4762 24 20 17
2060 4761 23 20 h.
2101 4761 26 20 45
2152 4767 6 17 ;
2181 4761 105 25 Disques.
2305 4771 29 5 —
2354 4762 26 20 18
2399 4761 25 21 h.
2446 4762 25 21 15
2495 4767 6 16 :

1912 4789 107 23 Théâtre.
2042 4788 34 20 La
2098 4787 131 26 Pentecôte,
2252 4789 123 24 reportage
2397 4788 106 25 épilogue

1912 4818 33 21 du
1959 4820 14 16 «
1988 4816 58 20 Dieu
2064 4814 84 20 Vivant
2168 4819 18 17 »,
2203 4818 43 21 par
2261 4815 77 20 Mmes
2354 4815 53 20 Cita
2424 4819 23 19 et
2461 4815 32 20 Su-

1912 4847 75 18 ranné
2007 4840 99 21 Malard.
2125 4850 29 5 —
2175 4841 26 21 20
2222 4841 25 23 h.
2273 4846 6 16 :
2302 4842 104 20 Journal.
2429 4851 26 4 —
2477 4842 26 20 20

1913 4872 82 20 heures
2011 4868 25 20 30
2058 4872 6 16 :
2084 4868 99 19 Concert
2200 4868 175 25 symphonique.

1941 4900 240 24 POSTE-PARISIEN
2205 4901 70 26 (312,8
2295 4902 42 21 m.)

1941 4936 12 19 8
1973 4934 24 22 h.
2024 4939 6 17 :
2051 4933 106 20 Concert.
2178 4943 28 5 —
2227 4934 13 19 8
2262 4933 23 20 h.
2308 4934 26 20 40
2362 4938 6 16 :
2393 4934 31 20 Le
2447 4933 55 20 livre

1912 4962 117 22 d'Heures,
2046 4964 71 20 pages
2134 4959 29 21 de
2180 4960 57 20 Paul
2255 4960 103 25 Claudel,
2375 4964 44 20 par
2436 4960 22 20 le
2475 4960 28 19 R.

1913 4991 25 20 p.
1953 4988 98 24 Roguet.
2067 4996 28 4 —
2114 4987 21 18 11
2155 4986 22 19 h.
2195 4987 24 19 15
2241 4991 6 16 :
2265 4987 33 19 La
2312 4986 69 21 Boite
2396 4991 47 15 aux
2460 4986 32 20 let-

1913 5019 53 18 tres.
1985 5023 29 6 —
2030 5013 25 20 13
2071 5012 23 20 h.
2114 5012 24 20 10
2159 5018 6 17 ;
2181 5013 32 20 Le
2230 5013 122 24 Quintette
2367 5013 41 20 des
2426 5013 68 20 Chan-

1913 5041 110 22 sonniers.
2036 5048 29 6 —
2078 5039 25 20 17
2116 5038 24 23 h.
2157 5043 6 16 :
2179 5039 98 25 Disques
2291 5039 81 21 variés.
2386 5050 27 4 —
2426 5040 26 20 20
2458 5039 24 20 h.
2495 5045 5 15 :

1913 5066 160 27 physionomie
2091 5065 29 21 de
2141 5065 23 21 la
2184 5066 104 24 journée.
2306 5077 28 4 —
2353 5067 27 20 20
2399 5066 24 21 h.
2445 5067 26 20 05
2494 5071 6 16 :

1913 5095 79 22 Potins
2007 5093 30 20 de
2051 5093 72 19 Paris.
2138 5102 27 5 —
2177 5093 26 20 20
2217 5093 24 20 h.
2258 5094 25 20 15
2302 5099 6 17 :
2326 5093 33 20 La
2376 5093 126 20 Manécan-

1924 5122 46 21 erie
1991 5120 40 20 des
2054 5119 72 20 Petits
2149 5119 132 21 Chanteurs
2302 5119 15 21 à
2338 5120 24 20 la
2383 5121 69 19 Croix
2473 5119 29 21 de

1913 5149 60 21 Bois.
1993 5157 27 4 —
2037 5146 25 20 21
2082 5145 23 20 h.
2125 5146 25 20 05
2175 5151 5 15 s
2199 5147 96 20 L'heure
2315 5147 40 20 des
2374 5148 126 20 amateurs.

1912 5187 27 5 _
1954 5175 25 20 22
1995 5174 23 20 h.
2036 5174 24 20 15
2080 5177 6 17 :
2103 5173 33 20 La
2153 5173 56 21 Nuit
2225 5173 133 22 Fnsorcelée
2378 5173 120 25 (Chopin).

1941 5206 300 24 RADIO-STRASBOURG
2264 5210 69 25 (349,2
2357 5210 40 20 m.)

1939 5244 12 20 8
1967 5243 23 20 h.
2008 5242 25 20 40
2057 5246 5 16 :
2082 5241 103 24 Disques.
2203 5253 26 4 —
2247 5243 12 20 9
2275 5242 23 20 h.
2313 5242 25 20 25
2360 5248 6 17 ;
2385 5242 114 20 Emission

1911 5270 125 24 religieuse.
2050 5277 28 5 —
2092 5267 24 20 12
2130 5267 24 23 h.
2173 5273 5 16 :
2194 5268 130 21 Orchestre.
2336 5279 28 4 —
2377 5269 24 19 13
2415 5268 23 20 h.
2453 5267 25 20 05
2491 5271 6 15 s

1910 5296 105 23 Musique
2035 5294 125 24 populaire.
2179 5304 27 5 —
2226 5295 25 19 14
2272 5295 22 19 h.
2316 5295 24 19 10
2365 5299 5 16 :
2391 5294 98 20 Concsrt

2551 263 27 4 —
2599 253 25 20 16
2645 253 23 20 h.
2693 258 6 15 :
2722 253 98 20 Chants.
2840 264 28 4 —
2889 255 25 20 16
2934 255 23 20 h.
2978 256 26 20 25
3028 261 7 17 :
3057 257 88 21 PetsUs

2550 281 118 24 musiques
2682 281 63 24 gaies
2765 291 28 5 —
2809 281 24 21 18
2847 281 25 22 h.
2890 287 6 16 :
2911 283 107 25 Musique
3033 285 111 24 anglaisse.

2550 318 28 5 —
2595 309 24 20 19
2635 308 24 23 h.
2677 309 26 20 40
2722 313 6 15 s
2747 309 107 24 Musique
2870 309 81 26 légère.
2966 322 28 5 —
3009 313 27 20 20
3051 313 23 20 h.
3092 314 25 19 15
3138 318 5 15 :

2550 335 103 20 Extraits
2679 335 132 24 populaires
2835 337 104 24 d'opéras
2962 339 107 21 célèbres.

2579 368 263 21 RADIO-TOULOUSE
2864 371 68 22 (328,6
2949 374 40 20 ri.)

2576 401 14 21 8
2606 401 24 20 h.
2649 405 6 17 :
2674 402 201 22 Retransmission
2892 404 30 20 de
2941 404 21 20 la
2982 409 74 17 messe
3074 406 62 19 chan-

2551 427 37 21 tée
2602 433 30 15 au
2648 429 113 20 Caousou.
2777 440 29 4 —
2821 430 24 20 11
2862 430 24 23 h.
2902 432 26 19 40
2949 437 6 16 :
2973 432 131 20 Orchestre.
3120 443 27 3 —

2553 455 23 20 11
2597 454 24 21 h.
2640 456 26 19 45
2691 461 6 17 ;
2719 456 110 21 Causerie
2848 458 128 24 religieuse.
2996 469 29 3 —
3044 460 24 18 12
3087 459 25 22 h.
3139 464 6 15 s

2551 482 125 20 Orchestre
2698 482 146 25 d'opérettes.
2865 494 29 6 —
2916 485 25 19 12
2964 484 22 21 h.
3009 485 26 20 30
3057 490 5 15 :
3087 486 60 19 Fan-

2553 509 68 19 Saisie
2643 509 191 26 radiophonique.
2855 521 27 4 —
2902 512 24 19 12
2955 511 23 22 h.
3008 512 25 19 55
3057 517 6 15 s
3087 513 60 20 Pour

2552 535 86 20 réussir
2658 536 60 20 dans
2736 536 23 20 la
2775 541 42 16 vie.
2837 548 27 4 —
2884 538 24 20 13
2928 538 24 22 h.
2974 539 23 19 15
3021 544 5 15 :
3049 540 97 23 Disques

2552 562 133 21 demandés.
2700 573 28 5 —
2745 564 24 20 13
2785 564 23 20 h.
2823 565 25 19 45
2869 571 6 16 :
2895 565 96 20 Danses.
3008 576 27 4 —
3052 566 25 20 18
3092 566 46 20 heu-

2552 593 37 16 res
2609 589 25 20 15
2657 595 6 17 ;
2685 590 98 25 Disques
2802 591 135 23 demandés.
2954 602 28 4 —
3002 592 24 20 18
3048 593 23 20 h.
3091 594 26 19 30
3139 599 5 14 :

2552 616 125 20 Orchestre
2696 616 29 21 d;
2746 617 73 23 salon.
2840 628 28 4 —
2887 619 25 19 19
2930 618 22 20 h.
2975 623 5 16 :
3003 619 98 21 Chants.
3119 631 29 4 —

2552 642 25 21 19
2597 642 24 20 h.
2641 643 26 20 20
2691 647 6 17 :
2718 643 107 22 L'avenir
2841 645 30 21 de
2890 650 43 16 nos
2953 645 103 21 enfants.
3074 657 28 4 —
3122 647 25 20 19

2554 669 28 20 h:
2652 671 25 19 45
2701 676 6 17 ;
2726 671 98 21 Concert
2839 672 70 20 varé.
2925 683 27 4 —
2967 673 26 20 20
3008 673 24 22 h.
3048 674 26 19 30
3093 678 6 16 :
3116 674 31 19 Le

2552 697 94 23 kiosqi'o
2665 697 13 19 à
2695 698 125 23 chansons.
2837 709 27 4 —
2881 699 24 20 21
2922 699 23 20 h.
2965 700 26 19 30
3013 704 5 16 :
3040 700 107 20 Marches

2552 723 128 21 militaires.
2696 734 29 6 —
2740 725 26 19 22
2782 725 24 22 h.
2827 726 24 19 15
2873 730 5 16 :
2898 726 98 24 Disques
3014 726 133 21 demandés.

2578 757 211 21 LUXEMBOURG
2810 760 70 20 (1.293
2896 760 41 20 m.)

2581 790 13 21 6
2611 790 24 21 h.
2659 791 25 20 35
2708 796 5 16 :
2736 792 100 22 Concert
2859 792 69 20 varié.
2951 803 29 4 —
3001 793 13 19 7
3037 792 24 22 h.
3088 793 25 20 30
3141 798 5 16 :

2552 818 110 24 Bonjour,
2682 818 21 21 le
2721 818 92 21 monde.
2830 829 29 4 —
2876 819 13 20 8
2907 819 23 20 h.
2953 824 5 15 s
2980 819 115 21 Emission
3114 819 24 21 lu-

2551 845 195 25 xembourgeoise.
2762 856 27 4 —
2805 846 13 20 8
2833 845 23 21 h.
2873 846 26 20 45
2920 851 5 17 :
2944 846 32 19 La
2993 846 105 21 causerie
3113 851 26 16 re-

2552 871 97 25 ligieuse
2670 872 146 23 dominicale.
2834 883 28 4 —
2879 873 12 20 9
2909 872 23 20 h.
2956 878 5 17 :
2981 873 111 20 Concerts
3107 877 33 16 an-

2552 898 65 25 glais.
2632 909 27 4 —
2673 899 26 20 14
2713 899 24 20 h.
2757 904 6 15 s
2780 899 107 21 Concert.
2902 910 27 4 —
2943 900 26 19 20
2982 899 24 21 h.
3025 904 6 16 :
3049 899 89 21 Orches-

2551 928 36 18 tre
2606 925 206 26 philharmonique
2830 926 30 20 de
2878 926 109 22 Londres.
3005 937 28 4 —
3050 927 25 20 21
3094 926 24 21 h.

2552 952 100 21 Concert
2670 952 71 24 varié.

2579 987 172 20 HILVERSUM
2775 988 68 20 (1.(76
2861 988 41 19 m.)

2576 1019 14 21 8
2610 1019 24 21 h.
2656 1020 25 20 10
2705 1023 6 16 :
2733 1020 117 20 Emission
2868 1019 122 24 religieuse
3008 1020 139 24 catholique.

2549 1056 31 6 —
2597 1046 25 20 11
2641 1046 24 23 h.
2684 1047 26 20 55
2732 1051 6 16 :
2756 1046 110 21 Causerie
2884 1051 40 16 sur
2943 1046 23 20 la
2985 1046 118 21 PenScôte.
3121 1057 29 5 —

2553 1073 25 20 13
2594 1073 24 22 h.
2643 1079 6 17 s
2668 1073 132 21 Orchestre.
2816 1084 28 4 —
2862 1074 25 19 14
2904 1073 23 20 h.
2949 1079 6 17 s
2975 1073 134 21 Demandes
3124 1075 24 19 et

2551 1099 116 26 réponses.
2686 1110 28 5 —
2730 1100 25 20 14
2771 1100 23 20 h.
2813 1101 26 20 40
2862 1105 6 15 s
2889 1100 110 22 Causerie
3018 1101 129 24 religieuse.

2550 1137 27 4 —
2592 1127 25 20 16
2631 1126 23 21 h.
2671 1127 24 20 10
2712 1132 5 15 s
2731 1128 60 19 Pour
2806 1126 33 21 les
2853 1127 110 21 malades.
2977 1138 27 4 —
3018 1128 25 20 19
3057 1127 24 23 h.
3096 1128 25 20 25
3140 1132 5 15 :

2552 1154 115 20 Emission
2688 1153 31 21 du
2740 1154 73 22 KRO.
2832 1164 28 4 —
2880 1154 25 20 19
2924 1154 23 20 h.
2970 1155 25 20 55
3019 1160 6 17 :
3048 1154 89 21 Orches-

2553 1183 41 17 tre.

2581 1215 84 20 ROME
2691 1215 68 23 (420,8
2778 1215 40 22 m.)

2576 1248 26 20 21
2620 1247 24 23 h.
2667 1253 6 17 ;
2693 1248 43 20 Les
2751 1247 86 25 Vêpres
2855 1247 144 28 Siciliennes,
3017 1248 82 21 drame
3115 1253 32 15 en

2550 1275 12 19 5
2583 1275 70 22 actes,
2673 1273 30 22 de
2722 1274 75 20 Verdi.

2578 1308 103 20 SUISSE
2705 1308 147 21 ROMANDE
2877 1308 67 27 (443,1
2967 1309 40 22 m.)

2577 1341 25 20 21
2620 1340 24 21 h.
2663 1341 25 20 15
2708 1345 6 17 :
2733 1341 106 21 Concert.

2550 1435 217 75 Tribunal
2800 1438 342 74 correctionnel

2638 1542 91 45 de
2765 1542 284 46 Namur

2647 1649 134 25 Audience
2798 1649 36 24 du
2849 1652 33 22 26
2901 1650 54 24 mai
2971 1652 73 22 1939.

2581 1685 125 29 L'affaire
2725 1685 31 25 de
2773 1693 97 19 mœurs
2888 1687 31 24 de
2936 1686 206 26 Bâlatre-Saint-

2548 1716 102 24 Martin
2670 1724 10 17 :
2700 1718 128 24 attentats
2848 1724 51 18 aux
2919 1724 104 22 mœurs,
3041 1719 102 24 avorte-

2548 1749 78 23 ment.
2638 1761 35 4 —
2687 1748 39 24 On
2738 1756 30 18 se
2779 1748 129 28 souvient,
2923 1748 66 24 dans
3002 1751 25 24 la
3043 1748 98 29 région,

2549 1778 31 26 de
2602 1779 69 24 cette
2694 1778 148 30 déplorable
2866 1779 94 25 affaire
2984 1779 31 26 de
3037 1787 104 17 mœurs.

2549 1809 35 24 Le
2609 1809 116 29 Parquet
2750 1810 31 24 de
2806 1810 102 25 Namur
2933 1811 73 24 avait
3032 1811 110 24 effectué

2549 1847 50 17 une
2615 1840 121 25 descente
2752 1848 47 17 sur
2817 1841 37 25 les
2871 1841 77 25 lieux.
2967 1841 21 24 Il
3005 1841 43 30 n'y
3063 1849 17 18 a
3097 1849 34 17 au-

2547 1877 49 17 cun
2615 1871 105 29 témoin,
2737 1872 25 25 si
2779 1878 30 18 ce
2826 1872 69 25 n'est
2913 1874 36 24 les
2967 1872 129 26 médecins
3116 1874 26 24 et

2547 1902 37 24 les
2605 1902 157 28 magistrats
2784 1903 165 29 enquêteurs.
2969 1903 63 30 Sept
3052 1903 79 30 préve-

2548 1939 49 17 nus
2618 1933 215 28 comparaissent.
2855 1933 34 25 Ce
2912 1937 60 22 sont
2997 1942 7 17 :
3026 1935 115 24 Dumont

2548 1963 101 27 Alfred,
2667 1963 94 29 Dubay
2776 1964 80 28 Alice,
2872 1972 31 18 sa
2918 1965 108 28 femme;
3045 1965 96 24 D'Hai-

2547 1996 64 23 naut
2629 1994 105 25 Nicolas
2742 2002 6 21 ;
2770 1993 119 31 Legrand
2908 1996 121 24 Fernand
3048 1999 27 22 et
3092 1997 39 23 Ro-

2546 2031 54 22 ger,
2616 2025 116 25 Dumont
2745 2026 107 29 Angèle,
2867 2029 24 24 la
2905 2027 50 24 fille
2969 2027 109 29 adoptée
3092 2034 49 22 par

2546 2057 23 24 le
2585 2056 115 28 premier
2712 2056 122 30 prévenu,
2851 2059 26 24 et
2890 2057 23 24 le
2926 2058 87 24 soldat
3026 2058 114 24 Dum.nt

2547 2086 75 28 Léon,
2640 2090 23 24 le
2678 2088 89 24 cousin
2784 2088 31 26 de
2831 2088 106 28 Angèle.
2956 2089 35 24 Ils
3007 2090 60 23 sont
3081 2093 59 20 tous

2546 2117 31 24 de
2591 2117 314 27 Saint-Martin-Bâlatre.

2579 2147 36 25 Le
2630 2149 114 28 premier
2758 2152 41 22 est
2812 2149 92 25 accusé
2918 2150 31 24 de
2965 2151 65 25 faits
3046 2157 93 22 grades

2547 2185 46 18 sur
2614 2186 29 17 sa
2664 2179 57 24 fille.
2747 2180 36 24 La
2805 2180 116 28 seconde.
2944 2180 93 30 Dubay
3060 2180 79 29 Alice,

2547 2209 195 25 d'avortement.

2580 2240 153 25 L'audience
2750 2248 15 18 a
2785 2241 50 25 lieu
2852 2242 16 25 à
2884 2242 61 25 huis
2961 2242 60 25 clos.
3041 2243 35 24 Le
3093 2244 36 24 tri-

2547 2269 77 28 bunal
2642 2272 94 23 entend
2754 2273 36 24 les
2809 2272 113 30 accusés,
2942 2275 23 24 le
2982 2274 63 28 juge
3062 2273 67 26 d'ins-

2545 2301 116 25 truction
2683 2306 26 22 et
2728 2304 36 24 les
2782 2303 131 25 médecins
2933 2303 115 30 légistes,
3068 2305 69 25 ainsi

2545 2331 76 29 qu'un
2637 2332 61 29 long
2712 2332 167 30 réquisitoire
2895 2334 33 25 du
2942 2334 137 26 ministère
3092 2343 46 20 yu-

2546 2361 58 26 blic.

2581 2394 115 24 Dumont
2708 2394 93 25 Alfred
2814 2397 29 23 et
2855 2403 46 17 son
2918 2396 93 29 épouse
3024 2399 60 23 sont
3099 2397 31 24 dé-

2547 2423 94 25 fendus
2657 2432 48 21 par
2720 2425 42 24 Me
2777 2425 78 26 Louis
2871 2426 87 26 Huart
2973 2433 26 22 et
3017 2427 42 25 Me
3074 2428 65 24 Jean

2546 2454 129 26 Bribosia.

2579 2485 44 25 Me
2646 2486 98 29 Legros
2768 2487 95 25 défend
2887 2488 151 29 D'Hainaut
3066 2496 7 22 ;
3097 2489 42 26 Me

2546 2516 131 25 Bertrand
2704 2525 5 16 :
2732 2518 115 24 Dumont
2868 2518 75 29 Léon,
2966 2521 28 23 et
3014 2520 43 25 Me
3076 2520 52 25 Gof-

2544 2546 65 24 faux
2630 2553 6 17 :
2654 2548 116 25 Dumont
2786 2548 106 29 Angèle.

2559 2607 6 6 _
2578 2577 125 25 L'affaire
2723 2581 43 23 est
2787 2580 102 27 remise,
2911 2587 31 18 en
2967 2580 92 26 débats
3079 2588 47 18 con-

2545 2607 95 29 tinués,
2656 2616 33 17 au
2707 2610 14 23 9
2736 2610 66 28 juin.

2576 2644 137 25 Prononcé
2736 2653 9 17 :
2770 2647 126 25 Accident
2918 2648 31 24 de
2970 2648 116 30 roulage.
3105 2663 35 5 —

2545 2675 74 26 Nous
2639 2683 80 19 avons
2743 2677 81 25 relaté
2843 2679 36 24 les
2901 2678 93 27 détails
3015 2680 31 24 de
3067 2680 59 26 l'ins-

2544 2707 114 24 truction
2676 2707 32 25 de
2723 2708 112 26 l'affaire
2852 2708 109 30 Capelle,
2981 2710 31 25 de
3028 2711 109 25 Namur.

2544 2736 34 27 Ce
2595 2737 107 25 dernier
2721 2738 79 25 devra
2820 2747 80 22 payer
2918 2741 16 24 à
2952 2740 24 26 la
2996 2741 86 29 partie
3100 2743 24 24 ci-

2545 2768 50 26 vile
2607 2767 104 30 Robaye
2723 2770 24 24 la
2759 2777 97 18 somme
2868 2771 32 24 de
2912 2771 108 30 quelque
3031 2774 106 24 310.000

2544 2798 34 24 fr.
2593 2798 32 25 de
2639 2799 109 29 laquelle
2764 2800 18 27 il
2797 2801 60 24 faut
2872 2802 108 25 déduire
2994 2804 90 24 25.000
3100 2806 35 24 fr.

2544 2828 130 25 attribués
2690 2830 222 27 antérieurement
2927 2840 97 18 comme
3041 2835 85 25 indem-

2545 2859 54 24 nité
2613 2860 207 27 provisionnelle.

3170 255 43 20 ON
3237 254 73 20 DEM.
3334 253 165 23 demi-ouvrier
3521 253 236 26 plombier-zinguerav

3167 282 73 21 S'adr.
3260 283 28 22 R.
3308 282 88 22 Pirson.
3418 283 44 21 119.
3482 287 35 15 av.
3537 283 103 23 Acacias,
3658 283 98 23 Jambes.

3168 311 87 20 Inutile
3272 311 20 20 si
3308 315 15 20 p
3324 315 26 15 as
3366 314 60 20 cap.:
3445 315 24 17 se
3486 310 59 25 prés.
3561 315 49 20 apr.
3626 311 13 20 5
3656 311 22 20 h.
3696 313 60 21 10535

3295 339 154 26 PROVINCE
3455 339 179 27 ~DE~NAMUR

3351 372 104 22 Vacance
3476 373 107 24 d'emploi

3429 402 69 20 AVIS

3194 430 22 19 Il
3236 430 34 20 est
3292 430 65 24 porté
3378 429 14 21 à
3413 429 22 20 la
3457 430 166 20 connaissance
3643 430 42 21 des
3704 431 55 22 inté.

3168 458 73 20 ressés
3255 458 71 24 qu'un
3340 457 85 25 emploi
3440 457 28 22 de
3483 461 139 17 csmtonmer
3635 459 123 25 provincial

3173 489 35 16 est
3233 489 88 17 vacar.t-
3344 485 61 21 dans
3430 485 23 20 la
3479 486 111 19 Province
3615 490 29 16 ce
3668 486 87 23 Kamur

3172 514 103 20 (Canton
3292 514 30 20 de
3338 513 126 20 Florennes
3468 517 16 17 i.

3195 542 43 20 Les
3258 542 129 20 demandes
3407 542 93 20 doivent
3524 542 107 24 parvenir
3652 542 15 21 à
3688 543 31 20 M.
3738 544 21 21 le

3169 575 144 19 gouverneur
3328 570 29 22 de
3374 570 23 20 la
3414 570 117 23 Provisice,
3547 570 15 20 à
3580 571 93 20 Namur.
3690 574 69 20 avant

3168 598 22 21 le
3207 599 25 19 15
3249 599 51 24 juin
3318 598 58 21 1939.

3194 627 19 19 A
3233 628 62 20 cette
3314 623 122 25 demande,
3455 626 95 21 doivent
3570 626 48 22 être
3638 627 72 24 joints
3727 632 32 19 un

3168 656 86 19 extrait
3275 655 28 21 de
3324 655 67 20 lacté
3411 655 29 22 de
3461 655 122 22 naissance
3603 656 23 20 et
3648 654 103 24 éventuel-

3169 683 87 20 lement
3270 683 23 21 la
3308 688 85 20 preuve
3407 688 44 20 que
3465 683 21 21 le
3501 682 143 21 demandeur
3657 685 56 22 peut
3726 684 25 22 bé-

3170 711 95 20 néficier
3277 711 40 21 des
3331 711 149 24 dispositions
3493 711 29 21 de
3535 711 23 20 la
3572 710 30 21 loi
3615 711 32 20 du
3660 711 98 24 3-8-1919.

3196 739 137 22 Conduirais
3351 739 151 21 d'admission
3513 744 6 16 :

3196 768 47 23 Age
3259 772 123 16 minimum
3402 772 6 16 :
3425 768 26 20 25
3467 771 50 17 ans.

3195 796 47 23 Age
3260 797 128 19 maximum
3410 801 5 15 s
3435 796 26 20 33
3478 800 44 16 ans
3542 795 36 20 (43
3596 799 43 16 ans
3656 800 58 20 pour
3728 795 32 24 les

3169 823 159 21 bénéficiaires
3346 823 29 21 de
3393 824 23 20 la
3435 823 31 21 loi
3483 823 33 21 du
3534 823 116 21 3-8-19191.

3196 852 146 21 Traitement
3369 857 5 16 :
3406 852 124 20 minimum
3561 851 71 20 10.0C0
3655 850 28 21 fr.
3712 851 48 25 plus

3171 879 192 21 éventuellement
3385 880 130 20 indemnité
3538 879 119 22 familiale.

3196 908 31 21 Le
3243 912 146 20 programme
3404 908 29 20 de
3450 908 112 21 l'examen
3577 911 25 17 et
3617 910 53 18 tous
3685 908 75 23 autres

3170 936 198 24 renseignements
3390 940 100 21 peuvent
3513 936 49 20 être
3584 936 99 22 obt/snus
3703 935 15 21 à
3738 937 22 21 la

3170 964 118 20 Direction
3312 964 32 21 du
3367 965 92 21 Service
3483 964 123 24 technique
3630 964 129 25 provincial,

3169 992 33 22 35.
3220 996 42 16 rue
3280 992 33 21 du
3333 992 98 25 Collège,
3450 993 14 20 à
3486 993 95 19 Namur.
3699 993 59 22 10455

3418 1029 66 47 25
3517 1030 24 45 à
3576 1029 65 48 50
3672 1029 60 48 fr.

3232 1027 119 20 GAGNEZ

3199 1055 76 21 CHEZ
3308 1056 78 21 VOUS

3173 1089 44 19 par
3234 1085 54 23 jour
3307 1089 56 16 avec
3382 1080 109 26 machine
3511 1090 14 15 a
3545 1086 95 20 tricoter
3658 1085 100 23 derniers

3170 1111 246 24 perfectionnements.
3435 1113 94 21 Travail
3546 1113 81 20 assuré
3646 1116 43 21 pflr
3706 1118 42 17 con-

3171 1141 54 20 trat.
3241 1140 183 24 Apprentissage
3439 1140 96 24 gratuit.
3550 1139 133 21 Demandez
3697 1143 51 19 cata-

3171 1165 67 25 logue
3253 1166 95 24 gratuit.
3707 1168 48 22 942J

3299 1193 93 21 ECOLE
3407 1194 36 20 DE
3456 1193 175 21 TRICOTAGE

3170 1219 71 21 Gand
3259 1224 6 16 s
3282 1220 32 24 58.
3329 1225 90 16 avenue
3433 1220 79 21 Astrid
3530 1225 6 18 :
3552 1221 120 21 Bruxelles
3690 1225 7 17 :
3714 1223 40 25 180,

3169 1251 18 18 r.
3198 1246 29 21 de
3237 1247 106 23 Brabant
3358 1252 5 18 :
3376 1248 89 21 Anvers
3479 1252 6 16 :
3500 1248 30 26 )9,
3541 1253 19 19 r.
3571 1248 51 20 Van
3634 1248 115 23 Maerlant

3211 1309 233 48 MESSIEURS
3488 1310 52 46 ET
3583 1309 143 48 DAMES

3207 1378 27 20 de
3256 1377 89 21 famille
3369 1378 130 24 distinguée
3523 1379 52 20 sont
3599 1379 127 22 demandés

3209 1409 60 21 pour
3287 1404 127 21 collaborer
3433 1407 24 19 et
3475 1405 79 24 placer
3573 1410 47 16 une
3638 1405 88 22 édition

3210 1433 199 25 bibl:ographiqii£
3430 1433 15 22 à
3467 1434 75 24 grand
3562 1434 87 21 succès.
3670 1435 46 19 Tra-

3211 1461 46 21 vail
3280 1461 143 22 intellectuel
3447 1462 113 25 agréable.
3584 1463 86 21 Grosse
3692 1463 34 20 ré-

3209 1489 150 23 mrnération
3389 1495 59 20 pour
3476 1490 113 21 éléments
3618 1491 108 24 capables

3210 1519 72 23 ayant
3304 1518 113 21 relations
3439 1519 48 21 très
3509 1519 117 22 étendues.
3648 1519 78 21 Ecrire

3209 1547 53 20 tous
3276 1547 34 20 les
3325 1547 84 22 détails
3428 1552 6 16 :
3452 1547 66 21 Boite
3533 1547 92 21 Postale
3639 1552 25 17 n.
3680 1548 43 24 149,

3208 1575 221 22 Bruxelles-Centre.
3661 1576 62 21 10453

3167 1637 112 20 MODES.
3298 1637 38 20 On
3354 1637 117 21 demande
3488 1637 116 21 ouvrières
3621 1642 60 20 pour
3697 1638 59 22 tout*

3166 1663 97 23 l'ennée.
3281 1665 50 21 Ecr.
3348 1666 27 20 R.
3392 1664 33 22 M.
3443 1666 31 23 12,
3492 1665 50 21 bur.
3557 1665 25 25 jl.
3696 1665 58 23 10458

2561 2932 147 74 Les
2745 2933 375 99 Changes

2665 3099 44 21 Les
2727 3099 103 26 changes
2847 3101 30 22 de
2894 3102 112 22 vendredi

2977 3131 36 20 En
3027 3132 79 24 belgas

2539 3154 65 22 Paris

2538 3182 103 24 Londres

2539 3210 127 21 New-York
2691 3211 84 22 (câble)

2538 3238 127 21 New-York

2537 3266 149 21 Amsterdam

2541 3293 85 21 Zurich

2541 3322 79 20 Berlin

2540 3350 115 23 Lisbonne

2539 3378 76 20 Milan

2536 3406 135 21 Stockholm

2535 3434 55 21 Oslo

2538 3462 157 25 Copenhague

2534 3490 118 22 Montréal

2539 3519 109 23 Varsovie

3022 3160 58 21 15.56

3020 3188 59 21 27.50

3034 3216 72 21 5.8745

3033 3244 71 20 5.8745

3006 3272 73 20 315.47

3010 3300 84 21 132.375

3008 3328 73 21 235.70

3021 3356 60 20 24.96

3021 3384 26 20 30
3054 3385 53 20 9119

3005 3412 71 20 141.65

3004 3440 84 21 138.125

3007 3468 72 21 122.75

3029 3496 45 21 583
3090 3496 38 21 1/2

3007 3523 72 22 110.50

3166 1700 42 20 ON
3233 1701 149 20 DEMANDE
3405 1701 42 21 des
3471 1701 99 22 femmes
3593 1705 58 20 pour
3675 1705 79 21 couper

3166 1728 83 24 fraises
3264 1729 56 20 chez
3334 1729 86 21 Ernest
3432 1729 122 24 Custinne,
3569 1728 184 26 Bois-de-Villers,

3166 1758 66 20 route
3251 1757 30 20 de
3301 1757 177 23 Profondeville.
3498 1758 20 20 9.
3696 1758 57 22 10383

3165 1793 111 22 MODSS.
3298 1793 38 20 On
3358 1793 60 20 dem.
3440 1793 116 22 ouvrières
3577 1794 104 23 pouvant
3701 1794 53 21 trav.

3166 1820 109 25 quelques
3287 1822 61 20 mois
3360 1826 22 20 p.
3395 1821 83 21 année.
3491 1820 191 25 Ecr_R.M.12,b.jl.
3696 1822 57 21 10459

3168 1856 247 21 STENO-DACTYLO
3442 1857 133 20 demoiselle
3599 1861 29 15 ce
3654 1857 24 20 18
3699 1856 14 21 à
3733 1858 20 21 23

3167 1887 50 18 ans.
3236 1883 109 20 habitant
3367 1884 96 22 Namur,
3479 1885 35 19 est
3533 1883 61 23 dem.
3613 1888 44 19 par
3677 1884 71 25 impor-

3166 1912 67 19 tante
3255 1910 92 21 sociélé.
3373 1911 93 20 Essnnes
3489 1910 95 21 notions
3608 1910 30 21 de
3658 1912 88 24 compta-

3165 1936 65 21 bilité
3250 1936 99 25 exigées.
3373 1938 77 20 Ecrirs?
3470 1937 51 27 âge,
3543 1937 137 26 références,
3701 1937 53 23 état-

3166 1963 52 21 civil
3236 1967 23 17 es
3279 1963 93 24 prétent
3374 1964 58 21 ions.
3450 1964 23 21 S.
3490 1964 29 23 T.
3536 1964 34 23 B..
3584 1964 50 20 bur.
3652 1964 26 25 jl.
3697 1965 56 21 10457

3165 1998 112 21 MODES.
3299 1999 37 20 On
3357 1999 116 21 demande
3493 1999 117 21 ouvrières
3629 2005 60 20 pour
3707 2001 45 21 l'ex-

3165 2026 93 21 térieur.
3274 2027 50 21 Ecr.
3341 2028 27 20 R.
3385 2028 33 20 M.
3436 2028 31 21 12.
3484 2028 56 21 bur.-
3551 2029 99 24 journal.
3694 2030 57 22 10460

3164 2062 43 20 ON
3221 2063 148 20 DEMANDE
3384 2063 99 23 femmes
3496 2068 60 20 pour
3570 2068 85 20 couper
3669 2064 80 22 fraises.

3165 2091 95 22 Wiame.
3276 2091 104 21 Bienven
3381 2096 22 18 u.
3420 2091 103 25 Wépion.
3694 2093 55 22 10476

3164 2126 240 21 BLANCHISSERIE
3418 2127 127 21 LATOUR.
3560 2127 14 21 à
3589 2128 95 22 Namur.
3697 2123 52 26 dêm.

3166 2154 88 21 bonnes
3275 2159 152 20 repasseuses.
3694 2157 55 21 105M

3165 2190 43 20 ON
3220 2190 148 21 DEMANDE
3382 2195 47 22 une
3443 2191 104 21 ouvrière
3560 2195 59 21 pour
3631 2192 117 20 confiserie.

3164 2218 98 21 Adresse
3282 2219 88 21 bureau
3392 2219 101 25 journal.
3693 2220 55 21 10520

3168 2281 36 31 m
3248 2281 200 35 ngisANnFs
3476 2282 193 36 p'emplpis
3668 2286 4 30 i
3691 2279 56 51 j

3164 2347 190 21 DEMOISELLE
3371 2348 113 25 magasin,
3500 2348 49 21 très
3564 2348 22 21 b.
3602 2347 71 25 éduc,
3689 2349 19 21 b.
3722 2353 26 17 an

3164 2380 61 16 cour.
3247 2380 82 16 comm.
3349 2376 25 21 et
3394 2381 67 20 pouv.
3482 2377 65 20 s'occ.
3568 2376 71 26 écrit.,
3659 2376 88 22 cherche

3164 2404 71 24 place.
3254 2405 77 20 Ecrire
3348 2405 34 20 M.
3399 2405 33 23 T.,
3450 2405 50 21 bur.
3517 2404 101 26 journal.
3693 2406 53 20 10323

3164 2440 182 20 CHAUFFEUR
3364 2451 10 4 -
3392 2440 190 20 MECANICIEN
3607 2440 60 21 dem.
3690 2435 58 30 pis»

3164 2468 246 21 camionneur-livreur
3424 2473 31 16 ou
3470 2470 74 20 autre.
3559 2468 55 21 Adr.
3630 2469 20 20 b.
3665 2468 81 25 jl.10464

3165 2503 188 24 CHAUFFEUR,
3377 2503 54 26 père
3454 2504 30 24 de
3507 2504 64 23 fam.,
3594 2503 152 25 expérimenté,

3162 2532 100 20 cherche
3283 2532 66 25 place
3372 2532 142 22 conducteur
3536 2533 93 20 camion
3649 2537 30 17 ou
3698 2533 46 20 voit

3162 2561 78 21 Ecrire
3256 2561 27 20 A.
3300 2561 28 21 D.
3346 2561 46 23 500.
3409 2561 50 21 bur.
3477 2561 99 25 journal.
3689 2561 55 21 10513

3167 2625 114 32 WH«<
3318 2624 281 37 ENSEIGNEMENT

3272 2690 377 60 Sténo-Dactylo

3161 2751 48 22 CH.
3224 2750 122 22 BERHIN.
3361 2753 20 20 4.
3396 2756 18 17 r.
3429 2752 136 21 St-Nicolas.
3580 2752 48 20 TéL
3642 2752 44 20 892.
3699 2751 41 21 450

3168 2787 134 46 Ecole
3319 2788 60 46 de
3397 2789 209 45 coiffure
3616 2788 123 47 on™

3159 2842 34 24 40,
3205 2845 19 16 r.
3235 2842 24 19 L.
3272 2840 125 22 Namêche.
3409 2842 49 22 Tél.
3471 2842 54 20 3594
3539 2842 23 20 (3
3574 2846 31 16 m.
3617 2844 74 21 gare).
3700 2841 38 21 6811

3238 2875 94 21 ECOLE
3362 2876 37 20 DE
3428 2876 246 21 STENO-DACTYLO

3229 2902 225 22 COMPTABILITE
3483 2904 36 20 ET
3548 2903 136 22 LANGUES

3340 2934 36 16 me

3284 2932 49 45 M

3211 2994 41 17 rue
3273 2992 196 23 Basse-Marcelle,
3490 2992 88 20 Namur

3421 2933 208 56 Lejeune

3710 2992 31 20 454

3297 3055 94 34 RENS
3410 3056 42 32 0E
3474 3056 138 35 MAISON
3631 3056 105 35 «SH

3375 3105 162 20 DEMANDES

2685 3575 138 38 OBJETS
2839 3577 139 37 PERDUS

2537 3640 81 20 PITIE
2631 3645 59 20 pour
2703 3641 81 22 chiens
2798 3644 24 19 et
2836 3643 68 21 chats
2917 3644 86 25 perdus
3015 3645 16 21 à
3044 3646 24 20 la
3081 3651 47 16 rue.

2535 3669 143 20 Amenez-les
2696 3669 62 26 Asile
2776 3670 104 26 Foliette,
2899 3672 33 24 20,
2951 3673 119 23 Citadelle.
3089 3675 40 20 487

2536 3704 102 20 PERDU
2661 3704 154 25 porte-plume
2839 3706 118 26 réservoir,
2981 3709 146 24 rouge-brun,

2533 3732 58 23 pont
2610 3732 30 21 de
2659 3733 146 22 Jambes-rue
2824 3734 41 21 des
2884 3735 243 23 Brasseurs-Cathédr.

2534 3760 19 22 3.
2568 3760 55 24 quai
2637 3760 29 22 de
2681 3761 87 24 Meuse,
2783 3763 101 21 Jambes.
3063 3766 64 21 10473

3157 3158 127 20 MENAGE
3305 3158 60 21 dem.
3386 3158 41 26 pi.:
3449 3160 61 20 mari
3531 3159 85 22 chauff.
3635 3165 30 16 m.
3683 3159 14 22 à
3714 3159 23 23 tt,

3157 3186 17 20 f.
3190 3190 58 17 serv.
3264 3187 56 20 cuis,
3336 3187 29 23 tr.
3382 3187 21 22 b.
3419 3188 75 21 certif.
3510 3188 55 22 Adr.
3581 3189 20 21 b.
3617 3189 25 25 jl.
3682 3188 55 21 10243

3156 3222 96 20 JEUNE
3264 3222 101 25 ménage
3382 3223 115 23 demande
3513 3224 65 24 place
3593 3225 90 23 femme,
3696 3223 41 22 fille

3156 3250 30 20 de
3199 3250 104 24 quartier
3316 3255 31 16 ou
3361 3252 126 24 concierge,
3515 3253 61 20 mari
3589 3254 64 19 main
3665 3252 15 22 à
3692 3252 44 21 tout

3156 3278 66 20 faire.
3234 3278 130 21 S'adresser
3374 3284 31 17 au
3417 3280 89 21 bureau
3516 3281 33 21 du
3559 3281 98 25 joumaL
3681 3280 54 20 10302

3154 3314 128 20 MENAGE
3305 3314 13 20 2
3341 3319 59 20 pers.
3405 3320 5 16 :
3436 3316 95 21 homme
3554 3316 94 22 domest.
3670 3315 65 22 intér,

3155 3341 85 24 jardin,
3262 3342 87 26 femme
3369 3344 82 21 cuisin.
3473 3349 30 16 ou
3525 3345 87 22 femme
3631 3344 104 21 chambre,

3154 3374 59 20 poss.
3232 3371 101 22 certifie,
3352 3371 37 21 ch.
3407 3372 73 25 place.
3498 3373 55 22 Adr.
3572 3374 49 20 bur.
3638 3372 24 26 jL
3679 3371 56 22 10326

3153 3405 103 20 BONNE
3274 3406 128 24 cuisinière,
3421 3407 44 25 âge
3481 3408 60 26 mûr,
3558 3408 36 21 ch.
3611 3408 69 25 place,
3695 3409 39 23 pet

3154 3433 61 20 mén.
3234 3434 86 25 tranq.:
3342 3434 69 22 référ.
3431 3436 50 20 Ecr.
3501 3437 23 20 S.
3544 3437 33 23 T.,
3596 3437 21 20 b.
3635 3436 24 25 jL
3678 3434 56 22 1036!

3153 3468 96 20 JEUNE
3268 3469 88 20 FILLE
3377 3471 25 21 19
3424 3475 50 20 ans,
3495 3471 100 26 cherche
3614 3471 63 25 place
3695 3474 33 17 ser-

3152 3497 78 23 vante,
3246 3497 48 20 sais
3311 3497 61 22 faire
3388 3498 25 21 la
3429 3499 95 24 cuisine,
3540 3500 58 22 bons
3613 3498 120 22 certificats,

3152 3529 44 19 pas
3212 3524 69 25 loger.
3300 3525 54 21 Adr.
3374 3526 87 22 bureau
3480 3527 100 25 journal.
3678 3526 55 22 10390

3153 3559 227 22 GOUVERNANTE
3394 3562 69 24 cath.,
3477 3563 36 20 ch.
3527 3562 36 25 pi.,
3576 3563 29 22 de
3617 3562 56 26 préf.
3684 3562 49 20 Bru-

3151 3587 77 23 xelles.
3246 3588 58 21 libre
3321 3588 30 22 de
3369 3594 18 18 s.
3406 3590 50 21 Ecr.
3475 3591 25 20 E.
3518 3591 33 23 B..
3569 3591 49 21 bur.
3635 3590 24 25 jl.
3677 3588 55 24 10465

3290 3652 94 32 fcFNS
3403 3653 43 31 RF
3468 3654 137 34 MAISON

3152 3699 198 20 BHMHEH
3391 3702 113 21 OFFRES

2537 3795 101 21 PERDU
2661 3801 57 16 roue
2743 3797 29 22 de
2795 3798 117 25 rechange
2936 3803 99 21 camion,
3059 3802 67 19 entre

2532 3823 114 24 Jodospgne
2661 3824 24 21 et
2700 3825 95 23 Perwez.
2811 3827 93 21 Avertir
2917 3828 110 21 Fernand
3042 3829 84 21 Rema-

2536 3851 41 24 cle,
2601 3852 106 22 Bovesse.
2731 3854 83 21 Bonne
2838 3854 156 26 récompense.
3059 3858 66 21 10474

2652 3916 137 43 OFFRES
2810 3917 197 43 REMPLOIS

2533 3978 42 21 ON
2594 3980 148 21 DEMANDE
2761 3986 86 21 garçon
2866 3983 29 21 de
2914 3984 135 21 restaurant
3067 3989 59 21 pour

2532 4006 21 25 le
2568 4007 132 23 dimanche.
2715 4009 69 22 Hôtel
2799 4010 33 22 du
2847 4011 65 24 Midi,
2928 4012 88 22 Lustin.
3060 4014 64 20 10099

2532 4042 41 20 ON
2592 4043 148 22 DEMANDE
2760 4044 128 23 chauffeur.
2908 4046 73 21 S'adr.
3001 4043 123 29 Corbiâûlë;

2533 4070 43 26 117,
2589 4075 42 17 rue
2646 4072 134 22 St-Nicolas.
3058 4077 67 20 10360

2531 4106 41 20 ON
2591 4107 149 22 DEMANDE
2759 4111 108 23 apprenti
2886 4109 108 26 pâtissier
3012 4110 111 22 habitant

2531 4138 134 21 campagne,
2684 4137 24 19 15
2726 4136 15 21 à
2761 4138 24 19 16
2803 4142 49 18 ans,
2870 4138 86 23 nourri,
2973 4138 57 25 logé.
3048 4140 66 21 Pâtis-

2530 4163 58 20 serie
2609 4163 86 25 Péters,
2717 4165 19 23 3,
2757 4165 30 25 pi.
2810 4166 69 23 Gare,
2900 4167 95 22 Namur.
3058 4169 64 20 10362

2529 4198 42 19 ON
2591 4199 148 21 DEMANDE
2760 4200 45 20 bon
2825 4205 84 20 maçon
2929 4202 152 21 connaissant
3099 4204 23 20 le

2530 4225 63 25 plan.
2606 4227 50 21 Ecr.
2670 4228 26 20 A.
2710 4228 27 20 B.
2751 4228 32 24 C,
2799 4229 48 21 bur.
2861 4229 99 24 journal.
3057 4232 64 20 10388

2529 4261 243 22 CONSTRUCTEUR
2791 4263 115 21 demande
2934 4264 44 20 bon
3005 4266 116 23 apprenti.

2529 4289 97 21 Adresse
2647 4290 88 21 bureau
2755 4291 100 24 journal.
3056 4294 64 21 10389

2531 4324 206 21 CORDONNIER.
2762 4326 38 20 On
2824 4326 60 21 dem.
2908 4326 203 27 demi-ouvrier-ap-

2529 4352 83 23 prenti.
2625 4353 157 26 Cordonnerie
2794 4355 99 23 Defaux,
2905 4354 136 22 Profondev.
3056 4357 65 20 10456

3150 3751 42 20 ON
3215 3752 72 20 DEM.
3312 3754 98 25 ménage
3436 3760 7 17 :
3468 3757 61 20 mari
3550 3756 94 21 domest.
3665 3754 65 23 intér,

3148 3779 87 22 service
3251 3780 29 23 de
3296 3781 69 25 table,
3381 3783 86 22 femme
3483 3784 128 25 serv.-cuis.,
3625 3784 41 21 réf.
3680 3783 49 24 exig.

3149 3807 103 25 Genard,
3270 3814 13 15 «
3301 3809 77 22 Clairs
3395 3811 105 26 Champs
3519 3818 18 18 »,
3555 3812 113 24 chaussée,
3684 3813 18 22 4,
3717 3810 12 21 i

3148 3836 108 21 Rhisnes.
3279 3838 48 23 Tél.
3350 3839 39 20 204
3412 3840 110 21 St-Denis
3674 3838 55 22 10527

3148 3877 83 21 POUR
3246 3879 124 24 DINANT,
3386 3885 31 16 on
3432 3881 117 24 demande
3563 3880 165 23 servante-cuis.

3148 3905 89 22 bonnes
3252 3907 43 23 réf.
3312 3909 19 23 9,
3347 3913 42 17 rue
3404 3909 30 22 de
3450 3910 25 21 la
3491 3911 69 24 Gare,
3575 3911 93 20 Dinant.
3683 3907 44 23 9786

3147 3947 42 20 ON
3209 3948 79 24 DEM.,
3307 3954 60 20 pour
3385 3951 99 26 ménage
3503 3953 13 20 2
3534 3957 66 20 pers.,
3618 3950 109 23 serv.-cuis.

3146 3979 67 19 conn.
3231 3977 56 21 cuis,
3306 3978 139 26 bourgeoise,
3462 3981 14 19 2
3493 3981 80 25 sujets,
3591 3981 56 20 bons
3662 3982 64 22 gages.

3146 4003 50 23 Ecr.
3216 4005 26 20 A.
3261 4005 33 24 C,
3314 4006 112 22 Librairie
3446 4009 99 22 Roman,
3565 4010 18 21 6.
3603 4013 84 16 avenue
3702 4006 25 20 de

3146 4031 24 20 la
3187 4032 70 24 Gare,
3275 4034 96 21 Namur.
3672 4033 53 23 10125

3146 4066 118 22 PRETRE
3279 4069 116 22 demande
3409 4074 109 20 servante
3533 4072 27 21 de
3577 4073 25 20 40
3616 4072 15 20 à
3646 4072 23 19 50
3682 4073 42 18 ans,

3146 4096 153 21 connaissant
3323 4098 95 22 cuisine.
3449 4099 73 21 S'adr.
3554 4099 128 24 Presbytère
3702 4095 23 21 de

3145 4122 62 24 Hun,
3227 4128 45 20 par
3293 4125 77 22 Yvoir.
3670 4123 53 23 10101

3145 4157 41 20 ON
3207 4158 72 21 DEM.
3299 4160 87 21 femme
3405 4162 28 19 de
3453 4163 43 26 ch.,
3516 4163 50 20 fille
3583 4163 29 20 de
3630 4160 94 26 quartier,

3145 4188 42 20 pas
3209 4185 89 25 lessive,
3318 4191 53 19 gros
3395 4192 77 20 gages.
3496 4189 31 22 70.
3562 4188 114 22 Chaussée
3701 4185 23 20 de

3145 4211 96 24 Dinant,
3264 4213 103 24 Wépion.
3670 4211 53 23 10176

3143 4245 41 19 ON
3203 4246 71 20 DEM.
3294 4250 115 19 servante,
3426 4249 29 20 de
3471 4250 26 19 25
3511 4250 15 20 à
3541 4251 25 19 40
3584 4254 42 16 ans
3641 4258 25 5 —
3679 4249 36 18 con-

3144 4271 109 21 naissant
3272 4274 90 20 cuisine
3383 4274 135 25 bourgeoise
3537 4286 27 5 —
3585 4277 55 19 bons
3659 4280 9 14 p.
3673 4276 49 21 âges.

3143 4298 49 20 Ecr.
3209 4298 15 20 à
3241 4299 63 21 Mme
3321 4300 68 21 Petit,
3404 4301 15 20 à
3435 4297 287 28 Neuville-sous-Huy.10178

2528 4387 42 19 ON
2589 4388 72 22 DEM.
2682 4393 33 16 un
2735 4390 108 24 apprenti
2863 4389 256 26 matelassier-pjarniss,

2529 4415 24 20 15
2571 4415 15 20 à
2606 4416 25 20 16
2649 4421 50 16 ans.
2717 4417 20 23 2,
2754 4422 41 16 rue
2813 4418 21 22 J.
2852 4417 91 24 Colson,
2961 4417 60 22 Salz.
3054 4420 64 20 10452

2527 4450 155 21 TAILLEUR.
2703 4452 38 20 On
2760 4452 115 21 demande
2895 4453 114 24 apprenti,

2526 4477 30 22 de
2575 4478 109 22 Louvain.

3039 4454 22 22 '9,
3082 4454 36 21 ch.

3054 4482 64 20 10508

2527 4512 42 20 ON
2588 4513 147 21 DEMANDE
2754 4518 34 17 un
2807 4514 92 21 tailleur
2917 4515 29 21 de
2965 4515 75 24 pierre
3059 4521 58 20 pour

2526 4543 155 18 monuments.
2698 4541 67 25 Alph.
2782 4542 100 23 Renson.
2898 4542 15 21 à
2930 4543 104 21 Forville.
3052 4545 64 21 10518

3143 4331 41 20 ON
3208 4332 72 20 DEM.
3304 4337 47 17 tres
3375 4336 76 19 bonne
3474 4341 108 16 servante
3607 4339 73 17 munie
3698 4331 23 21 de

3143 4358 135 21 certificats.
3298 4360 19 22 7,
3336 4365 43 16 rue
3394 4361 30 21 de
3441 4362 24 20 la
3486 4363 75 20 Croix.
3668 4357 52 23 10180

3142 4391 42 20 ON
3208 4392 72 21 DEM.
3304 4393 63 21 mère
3391 4399 56 16 avec
3470 4395 55 25 fille,
3548 4397 100 24 pouvant
3669 4391 48 21 fai»

3140 4420 88 21 cuisine
3244 4421 133 24 bourgeoise
3390 4424 26 20 et
3429 4423 68 22 office
3512 4425 85 20 femme
3610 4424 27 20 de
3651 4422 60 20 cham-

3140 4447 46 24 bre,
3208 4448 57 23 bons
3293 4454 76 20 gages.
3398 4451 77 22 Ecrire
3496 4452 15 21 à
3539 4453 63 21 Mme
3628 4449 61 22 Petit,
3705 4446 13 20 "

3139 4476 236 26 Neuville-sous-Huy.
3663 4473 54 25 10179

3135 4510 89 20 PILLE
3245 4511 30 21 de
3296 4514 110 24 quartier,
3429 4516 92 24 cathol.,
3542 4519 36 18 est
3597 4510 120 25 demandée,

3138 4538 63 22 chat,
3217 4540 72 21 envir.
3306 4541 121 23 Andenne.
3443 4544 51 21 Ecr.
3510 4545 24 20 P.
3551 4545 32 23 A.,
3599 4543 20 20 b.
3634 4541 23 25 jl.
3672 4536 44 24 916*

2529 4575 42 20 ON
2595 4576 149 20 DEMANDE
2767 4576 62 21 demi
2854 4578 23 19 et
2901 4577 91 20 ouvrier
3017 4579 97 23 peVitre.
3125 4567 6 15 '
3138 4574 41 20 ON
3197 4575 73 24 DEM.
3288 4580 108 19 servante
3426 4579 30 20 de
3475 4580 24 20 15
3517 4579 14 21 à
3551 4580 24 20 18
3592 4582 45 17 ans,
3666 4574 49 25 pour

2526 4603 69 24 Dury,
2618 4604 102 23 Gd'Rue,
2744 4605 43 23 164,
2809 4605 118 24 Belgrade.
3051 4608 65 20 10519
3137 4602 68 24 loger.
3224 4604 31 25 17,
3272 4609 42 18 rue
3330 4605 30 21 de
3376 4607 188 22 Marchovelette.
3660 4603 22 20 1°
3682 4599 32 22 241

2525 4639 42 19 ON
2582 4640 147 20 DEMANDE
2745 4640 47 20 fort
2806 4645 86 20 garçon
2906 4640 30 22 de
2950 4645 91 17 courses
3056 4647 59 20 pour
3137 4637 41 20 ON
3194 4638 148 22 DEMANDE
3359 4641 76 23 bonne
3450 4644 107 22 servante
3571 4642 15 20 à
3601 4640 49 20 tout
3662 4636 52 22 faire

2526 4667 130 24 triporteur.
2680 4668 53 22 Adr.
2756 4668 48 22 bur.
2827 4668 98 25 joumaL
3050 4671 64 20 10521
3136 4670 59 19 Pour
3213 4667 73 21 servir
3304 4668 15 20 à
3338 4669 70 24 table,
3427 4675 30 16 ou
3477 4671 85 20 femme
3580 4670 14 20 à
3612 4664 101 29 journées

2530 4702 118 21 GROSSE
2673 4704 166 20 BRASSERIE
2864 4705 71 22 ayant
2960 4705 61 20 forte
3046 4707 69 22 vente
3135 4694 17 19 S
3154 4694 5 7 '
3160 4694 43 20 adr
3203 4710 5 5 '
3228 4694 69 22 Hôtel
3316 4697 81 24 Frisia.
3416 4699 180 20 BoreuvUle-Pro
3598 4689 115 36 fondlOgg

2525 4729 72 22 bières
2612 4736 30 16 en
2657 4732 120 21 bouteilles
2791 4732 98 21 cherche
2904 4732 211 22 échantillonneur-
3135 4729 42 20 ON
3198 4730 147 22 DEMANDE
3366 4736 114 19 servante.
3501 4733 72 21 S'adr.
3592 4729 83 23 Rowier
3691 4724 21 21 et

2524 4759 62 23 auto,
2604 4760 150 20 connaissant
2772 4765 42 16 son
2832 4760 82 21 métier
2931 4760 14 21 à
2963 4761 64 21 fond.
3044 4763 70 20 Pour-
3134 4757 104 25 Crespin,
3256 4759 20 23 5,
3293 4764 13 16 r
3305 4765 30 16 ue
3353 4761 41 21 des
3411 4763 106 24 Fripiers,
3535 4762 57 20 Nam
3594 4764 31 16 ur.
3656 4753 54 23 1038*

2524 4786 46 20 rait
2587 4786 193 22 éventuellement
2795 4793 25 19 se
2836 4790 91 18 monter
2943 4788 41 21 des
2999 4789 114 22 tournées.
3135 4793 41 19 ON
3190 4793 72 22 DEM.
3276 4795 87 22 femme
3375 4797 123 24 d'ouvrage
3511 4797 20 21 le
3544 4784 166 32 vendridTïp^-

2524 4814 67 21 Faire
2606 4815 69 21 offres
2690 4816 23 21 S.
2728 4816 26 20 V.
2769 4817 31 23 L.,
2814 4816 49 20 bur.
2878 4816 100 25 journal.
3049 4818 64 21 10454
3133 4820 64 21 midi.
3214 4822 47 24 227,
3277 4823 112 24 chaussée
3406 4825 29 20 de
3452 4823 120 22 Waterloo.
3664 4812 46 25 993*

2604 4914 88 55 ON
2748 4915 331 56 DEMANDE
3129 4919 222 59 JEUNE
3401 4918 237 62 HOMME

2602 5020 182 57 POUR
2835 5020 206 57 FAIRE
3093 5024 308 62 COURSES

2836 5137 124 38 avec
2997 5139 88 40 son
3125 5129 113 55 vélo
3276 5159 16 10 -
3333 5132 290 58 Références

2604 5236 180 34 .Ecrire
2806 5235 62 32 A..
2889 5234 56 36 T.,
2971 5237 208 37 Bureau
3197 5244 61 32 du
3280 5245 225 33 Journal.
3548 5246 89 34 10377

742 5471 13 13 s.

996 5465 75 19 ..-'.>..
