4073 5870
1368 6 168 10 •■'•■•■•■

3693 27 5 8 ,
3711 22 3 3 ■
3728 17 43 18 -mf
3785 18 28 12 ,::
3820 18 8 5 -

1745 285 22 28 g
1816 280 18 23 2
1871 280 43 23 La
1930 280 152 21 Dernlôro
2099 280 105 20 Heure
2243 279 18 23 3

421 369 175 53 NOS
649 359 302 65 ÉCHOS

231 549 343 33 L'OCCULTATION

235 593 88 33 DES
351 593 223 34 LUMIERES

250 683 107 21 Occultes
370 688 27 16 ce
410 683 25 21 20
449 683 129 25 septembre

267 708 29 20 de
312 708 24 20 19
353 708 23 20 h.
393 709 24 19 17
433 708 15 20 à
464 709 13 19 5
493 708 22 20 h.
533 709 25 19 55

143 793 130 21 Promesses
287 792 172 21 londoniennes.

169 842 56 21 Lors
242 842 29 21 de
287 842 25 21 la
328 841 56 21 mise
402 840 15 21 à
434 841 23 21 la
473 841 95 20 retraite
585 839 90 26 illégale

144 866 42 22 des
201 866 182 21 fonctionnaires
398 866 55 24 âgés
469 866 29 21 de
514 866 26 21 60
557 870 50 18 ans,
622 869 55 17 sous

144 891 25 23 la
182 892 104 24 pression
300 892 93 20 rexo-V.
408 892 28 21 N.
450 890 117 23 V.-boche,
582 890 23 21 le
619 894 44 20 gou-

144 917 135 21 vernement
288 917 28 21 de
326 916 100 21 Londres
436 920 107 20 annonça
553 911 15 25 à
578 915 23 21 la
611 915 65 21 radio

143 946 46 21 que
203 942 34 20 les
251 941 184 21 fonctionnaires
450 941 40 24 qui
505 940 171 25 accepteraient

144 966 30 22 de
183 967 127 24 remplacer
319 967 34 20 les
364 966 103 21 victimes
476 966 30 20 de
516 966 61 21 cette
587 969 90 17 mesure

144 992 102 21 seraient
255 991 114 25 révoqués.
380 991 157 25 Aujourd'hui,
547 995 31 16 on
587 995 26 16 se
623 989 40 26 pré-

142 1021 64 20 pare,
217 1016 113 25 parait-il,
341 1016 146 21 notamment
499 1020 46 17 aux
556 1016 119 22 Finances,

143 1039 16 23 à
177 1041 91 21 ratifier
287 1041 33 21 les
337 1041 159 21 nominations
514 1041 28 21 de
561 1045 38 16 ces
618 1040 57 21 faux

144 1066 123 25 foudroyés
280 1066 31 21 du
325 1066 178 25 gouvernement
515 1066 29 20 de
557 1065 103 21 Londres
668 1066 7 20 1

144 1104 85 24 Alerte.

168 1152 203 21 L'hebdomadaire
381 1152 46 25 qui,
438 1153 72 20 avant
521 1156 86 20 guerre,
615 1151 60 22 lutta

144 1177 82 21 contre
240 1177 23 21 le
278 1177 155 26 neutralisme,
450 1177 148 21 l'attentisme
614 1177 25 20 et
655 1177 22 20 le

144 1202 68 21 futur
227 1196 240 27 collaborationnlsme
482 1202 64 20 vient
563 1202 28 20 de
608 1206 56 20 repa-

144 1227 78 21 raître.
239 1227 23 21 H
278 1226 103 25 rappelle
399 1226 192 25 opportunément
609 1227 54 20 d'im-

144 1252 125 25 prudentes
280 1246 154 27 déclarations
444 1252 30 20 de
486 1252 53 21 Staf
551 1252 34 21 De
597 1251 80 25 Clercq

144 1278 27 20 et
182 1277 29 21 de
224 1277 35 21 De
270 1277 95 20 Becker.
394 1273 43 18 *•
447 1276 8 13 l

169 1308 46 21 Dès
225 1309 22 20 le
257 1309 24 20 13
291 1308 124 21 novembre
425 1308 57 23 1940,
491 1308 59 20 écrit
561 1316 10 9 •
579 1307 76 21 Alerte
664 1316 9 9 »

142 1332 42 23 feu
196 1333 54 21 Staf
260 1334 37 20 De
307 1333 81 24 Clercq
399 1337 25 16 se
436 1332 108 22 félicitait
554 1337 55 16 sous
621 1332 55 21 l'œil

143 1358 154 24 complaisant
315 1358 30 21 de
363 1357 135 25 l'occupant,
519 1358 85 20 d'avoir
622 1357 41 25 pré-

142 1383 57 26 paré
214 1383 105 25 pendant
334 1383 23 21 la
373 1383 61 24 paix,
449 1383 23 20 la
489 1382 186 22 démoralisation

143 1407 164 25 systématique
323 1408 31 21 de
371 1407 92 21 l'armée
481 1407 65 24 belge
556 1412 6 16 :
583 1415 9 10 »
600 1407 28 21 Si
645 1411 31 17 au

143 1437 68 17 cours
221 1432 33 22 du
264 1433 59 20 mois
333 1433 30 20 de
374 1432 54 24 mai,
438 1432 17 21 il
466 1433 39 23 n'y
517 1437 14 16 a
542 1436 42 21 pas
596 1436 28 16 eu
636 1432 41 20 des

143 1457 97 22 milliers
249 1457 30 21 de
288 1457 89 22 soldats
387 1457 117 21 flamands
515 1458 24 20 et
549 1457 128 21 allemands

144 1482 53 21 tués
211 1487 31 16 en
256 1482 59 25 plus,
330 1482 55 21 c'est
400 1486 31 17 au
445 1483 27 21 V.
487 1482 28 21 N.
530 1482 26 21 V.
571 1482 69 24 qu'on
655 1482 22 20 le

142 1506 57 22 doit
213 1507 62 21 Nous
290 1507 23 20 le
327 1511 140 21 prouverons
481 1511 32 16 en
528 1507 75 24 temps
618 1511 44 16 vou-

143 1531 27 23 lu
178 1539 18 14 ».
216 1531 108 22 (Traduit
339 1531 91 25 d'après
446 1536 34 16 un
496 1532 90 24 compte
603 1531 75 21 rendu

142 1557 32 21 de
187 1565 10 10 •
205 1556 58 22 Volk
276 1561 31 18 en
319 1557 70 21 Staat
396 1556 31 23 •),

171 1589 35 20 De
225 1593 43 16 son
288 1587 59 27 côté,
364 1588 24 21 le
407 1588 109 25 visqueux
536 1588 34 21 De
590 1587 87 21 Becker

142 1613 55 22 s'est
207 1612 70 22 vanté
288 1613 60 21 dans
358 1617 44 17 son
414 1613 65 20 livre
490 1613 42 20 des
543 1613 96 20 Vivants
651 1613 25 20 et

143 1639 43 21 des
196 1638 74 21 Morts
280 1649 29 5 —
318 1638 16 21 ô
344 1637 23 21 la
378 1637 155 26 prétentieuse
545 1637 81 21 sottise
637 1637 40 21 des

143 1663 69 21 titres
221 1664 6 20 I
242 1673 28 5 —
283 1663 86 21 d'avoir
380 1662 95 25 suggéré
489 1662 16 21 à
518 1662 33 21 tel
564 1663 24 20 et
602 1663 31 20 tel
647 1663 30 20 de

144 1692 44 17 nos
205 1688 125 24 dirigeants
348 1692 61 20 »que
425 1688 24 20 la
465 1688 108 24 Belgique
589 1692 88 21 prenne

144 1713 64 26 parti
221 1717 32 16 en
267 1712 83 22 faveur
363 1713 42 21 des
420 1713 184 21 revendications
619 1712 47 21 alle-

144 1739 97 21 mandes
251 1743 31 17 en
293 1739 89 24 Europe
393 1738 102 21 centrale
505 1738 25 21 et
539 1737 113 22 orientale
659 1746 18 13 ».

145 1778 35 21 La
194 1777 76 21 Suisse
283 1776 16 21 à
312 1777 118 21 Bruxelles

169 1826 34 20 M.
224 1826 31 20 de
275 1825 82 22 Stoutz
384 1825 106 21 ministre
511 1825 29 21 de
562 1825 77 21 Suisse
661 1824 15 21 à

144 1849 124 26 Bruxelles,
278 1849 118 25 rejoindra
407 1854 44 17 son
461 1850 65 25 poste
539 1850 124 25 prochaine-

145 1875 72 21 ment
229 1887 32 5 —
272 1875 31 21 X.

144 1912 44 22 Les
203 1912 113 25 clearings

171 1962 103 22 L'Office
295 1962 31 20 de
348 1960 180 25 compensation,
551 1959 40 24 qui
615 1958 64 21 avait

146 1988 59 21 dans
222 1992 37 16 ses
276 1986 149 22 attributions
442 1986 35 21 les
494 1985 112 24 clearings
623 1988 56 16 avec

146 2013 54 21 tous
208 2017 65 21 pays,
278 2012 38 21 est
324 2011 165 22 actuellement
498 2015 30 17 en
537 2009 113 22 veilleuse.
657 2010 21 20 H

144 2038 84 21 attend
245 2038 42 20 des
305 2037 150 21 instructions
473 2035 192 25 gouvernementa-

145 2064 41 24 les,
198 2068 32 17 ou
241 2068 34 16 un
288 2062 126 24 arrêté-loi,
426 2066 58 21 pour
497 2061 124 25 reprendre
632 2064 47 17 une

145 2088 94 22 activité
252 2088 133 22 éventuelle.
397 2098 29 5 —
437 2088 31 20 K.

148 2129 60 21 Sans
223 2128 25 21 la
264 2128 104 19 moindre
384 2126 74 21 Ironie

173 2174 214 22 L'administration
407 2172 146 23 communale
573 2172 30 21 de
617 2173 48 19 Bru-

147 2200 71 22 xelles
230 2204 59 17 nous
301 2199 51 25 prie
365 2198 110 21 d'insérer
488 2197 66 22 l'avis
566 2196 94 21 suivant
669 2201 7 16 :

172 2232 34 21 Le
218 2232 85 20 service
316 2230 33 21 du
360 2229 155 21 nettoiement
527 2229 31 20 de
570 2228 24 21 la
607 2227 72 21 voirie

146 2261 25 16 se
185 2257 81 20 trouve
277 2254 214 22 momentanément
504 2253 60 21 dans
577 2252 98 25 llmpos-

147 2280 92 24 Hbllité,
250 2280 66 21 faute
328 2279 30 21 de
368 2279 93 21 charroi
472 2278 25 21 et
508 2278 31 20 de
549 2276 126 26 personnel,

148 2306 113 21 d'assurer
285 2298 161 27 l'enlèvement
469 2303 41 20 des
529 2302 149 21 immondices

147 2330 60 21 dans
217 2330 34 20 les
261 2329 83 21 locaux
354 2327 151 22 abandonnés
516 2331 43 22 par
571 2327 33 20 les
616 2325 49 22 Alle-

147 2354 90 22 mands.

173 2386 44 21 Les
232 2389 126 22 personnes
374 2389 44 21 que
433 2384 25 21 la
474 2384 69 21 chose
560 2386 118 19 concerne,

146 2410 56 22 sont
215 2409 103 24 invitées,
332 2414 44 20 par
390 2408 146 25 conséquent,
550 2408 16 21 à
579 2407 88 22 s'adres-

146 2440 39 16 ser
198 2435 17 21 à
228 2439 48 16 une
288 2434 129 25 entreprise
431 2433 84 25 privée.
530 2443 28 5 —
571 2433 28 21 B.

145 2474 45 21 Les
205 2473 174 26 appartements
392 2471 122 25 Inoccupés

172 2523 22 22 H
218 2527 60 16 nous
303 2521 90 22 revient
418 2521 53 25 qu'il
499 2520 71 21 existe
596 2523 81 17 encore

147 2548 117 24 beaucoup
275 2546 196 26 d'appartements
482 2545 70 24 loués,
564 2546 72 20 avant
647 2549 31 16 ou

147 2573 104 26 pendant
267 2573 23 21 la
309 2577 87 20 guerre,
413 2572 15 21 à
445 2572 41 20 des
503 2570 133 22 Allemands
653 2570 25 20 et

146 2597 58 23 dont
217 2599 34 20 les
265 2598 126 25 occupants
405 2597 102 21 seraient
519 2595 84 22 cachés
618 2596 59 20 dans

147 2623 24 22 la
191 2624 60 21 ville.
271 2625 36 20 De
329 2632 10 10 .
360 2623 59 20 bons
439 2622 77 24 belges
538 2631 9 9 >
572 2620 106 21 auraient

147 2649 75 21 même
234 2648 59 25 payé
307 2648 50 21 leur
370 2648 63 24 loyer
444 2652 32 16 en
490 2646 125 22 attendant
628 2646 49 20 leur

147 2674 102 22 retour...
267 2683 10 9 •
292 2678 59 20 pour
365 2672 91 22 bientôt
470 2681 9 9 »
496 2672 26 21 et
536 2672 61 20 leurs
611 2675 54 16 meu-

147 2699 49 22 bles
214 2699 106 21 auraient
337 2698 38 21 été
392 2698 46 21 mis
456 2702 31 16 au
505 2696 172 25 garde-meuble

146 2729 55 17 sous
212 2725 42 21 des
265 2729 67 16 noms
344 2723 76 25 belges
433 2728 30 16 ou
475 2722 137 21 hollandais.

172 2757 62 20 Tous
245 2760 37 17 ces
293 2755 174 26 appartements
475 2754 55 21 sont
542 2753 58 21 donc
613 2753 52 20 inoc-

146 2781 77 26 cupés,
237 2781 61 21 alors
313 2781 64 24 qu'ils
391 2780 135 25 pourraient
540 2779 49 21 être
603 2778 45 21 mis
663 2778 15 21 à

147 2807 24 21 la
183 2806 134 25 disposition
329 2807 30 20 de
370 2806 150 21 malheureux
531 2803 105 22 sinistrés
648 2808 31 16 ou

147 2832 106 25 réfugiés.

173 2865 63 21 Nous
264 2867 129 21 engageons
420 2862 117 21 vivement
564 2862 52 21 tous
645 2861 34 21 les

148 2890 111 26 patriotes
271 2890 16 21 à
301 2889 115 21 dénoncer
429 2892 55 17 sans
496 2887 80 21 retard
589 2887 30 21 de
633 2887 32 20 tel-

147 2915 35 21 les
196 2915 117 25 pratiques
328 2918 32 16 au
374 2913 106 25 Parquet,
495 2917 30 16 en
541 2912 106 21 donnant
663 2911 16 21 à

147 2940 62 21 leurs
228 2938 155 22 déclarations
403 2939 77 20 toutes
500 2938 34 21 les
555 2937 124 25 précisions

148 2965 161 21 souhaitables.
325 2964 21 21 Il
359 2965 38 20 est
410 2963 52 25 plus
477 2967 44 21 que
536 2963 76 23 temps
627 2962 52 21 d'en

148 2990 58 21 finir
225 2995 7 17 :
250 2990 35 21 les
301 2990 81 24 Belges
399 2989 42 21 ont
459 2989 53 24 trop
529 2987 107 22 souffert.
652 2998 27 5 —

148 3013 59 24 R.P.

150 3054 39 21 Cn
203 3052 92 26 épisode
310 3052 30 21 de
354 3052 25 21 la
393 3051 123 21 libération

174 3100 21 21 n
209 3100 54 21 faut
277 3099 111 22 l'inscrire
400 3098 17 21 à
431 3098 73 21 l'actif
519 3098 32 21 du
565 3098 32 20 M.
612 3098 21 20 N
648 3098 32 21 3.

176 3125 32 21 Le
223 3118 67 28 lundi
305 3125 15 20 4
334 3123 137 25 septembre,
487 3127 33 17 au
535 3122 83 24 matin,
634 3126 47 17 une

150 3151 89 20 section
255 3149 32 21 du
303 3150 31 19 M.
351 3149 28 21 N.
395 3149 27 20 B.
439 3147 49 25 prit
503 3147 129 25 possession
649 3146 32 21 du

150 3174 181 26 gouvernement
348 3173 134 24 provincial,
501 3176 42 16 rue
562 3171 32 21 du
612 3171 57 21 Lom-

149 3199 61 22 bard
229 3204 7 16 :
253 3198 131 25 Important
400 3197 115 21 bâtiment
531 3197 39 25 qui
586 3196 96 25 pouvait

150 3224 73 21 servir
235 3223 30 21 de
277 3223 92 21 bastion
382 3222 30 21 de
424 3222 125 20 résistance
563 3226 46 16 aux
623 3221 46 20 traî-

151 3249 54 21 tres.
216 3249 33 20 M.
260 3248 23 21 le
293 3247 119 21 conseiller
425 3246 126 25 provincial
564 3246 118 24 Spaelant,

151 3274 102 20 membre
262 3273 34 21 du
305 3272 127 21 Directoire
443 3272 32 20 du
485 3271 32 21 M.
528 3271 28 21 N.
566 3271 27 20 B.
611 3270 71 24 avait,

151 3298 30 21 de
195 3298 84 25 longue
295 3297 61 22 date,
372 3296 97 25 préparé
486 3296 62 21 cette
564 3295 78 21 action
657 3296 25 19 et

151 3328 26 15 ae
189 3322 102 22 trouvait
302 3326 40 16 sur
353 3321 66 25 place
431 3325 56 17 avec
499 3320 59 21 MM.
570 3320 112 22 Kestelln.

151 3348 82 20 Preser
252 3347 25 20 et
295 3347 104 22 Hermès,
420 3345 130 25 également
569 3345 113 20 membres

152 3373 32 20 du
197 3371 134 22 Directoire.
344 3371 44 20 Les
401 3370 93 24 troupes
509 3369 95 24 armées,
618 3373 52 17 com-

150 3396 111 22 mandées
276 3400 45 21 par
337 3396 104 20 Maurice
459 3395 112 22 Goffette.
589 3394 79 21 assurè-

151 3422 55 21 rent
220 3421 199 21 immédiatement
434 3420 24 21 la
473 3419 70 26 garde
559 3419 29 21 de
603 3418 79 22 l'hôtel

151 3445 135 27 provincial.

177 3476 148 26 L'épuration
344 3480 134 20 commença
505 3474 178 25 sur-le-champ.

178 3509 34 20 La
235 3508 90 21 voiture
347 3507 31 21 de
395 3508 31 20 M.
445 3506 74 22 Gilles
542 3506 31 21 de
591 3506 92 24 Péllchy

152 3533 74 26 ayant
240 3532 37 21 été
291 3531 100 24 sabotée,
405 3532 22 21 le
442 3531 241 25 pseudo-gouverneur

152 3557 45 22 dut
209 3561 113 18 renoncer
335 3557 17 21 à
364 3557 26 21 la
403 3556 66 24 fuite,
484 3557 26 20 et
523 3556 32 21 M.
570 3555 112 25 Spaelant

151 3583 45 25 put
204 3593 29 5 —
241 3581 108 26 quelques
358 3581 83 21 heures
450 3581 53 25 plus
512 3580 54 21 tard
575 3591 28 5 —
612 3580 24 21 le
644 3584 27 17 re-

152 3607 86 21 mettre
250 3607 67 20 entre
330 3606 34 21 les
376 3606 78 21 mains
467 3605 33 21 du
512 3609 125 21 procureur
651 3604 32 21 du

152 3632 43 21 roi.
209 3642 28 6 —
252 3632 29 20 G.

152 3678 34 20 La
197 3677 76 20 Petite
285 3676 101 21 Histoire

695 515 45 20 Pas
756 515 179 25 d'exploitation,
952 522 16 14 s.
985 522 21 15 v.
1022 517 29 24 pl.
1061 517 7 19 !

720 563 64 20 Nous
795 568 72 15 avons
878 568 53 16 sous
943 564 33 20 les
988 567 59 21 yeux
1059 564 30 20 de
1100 563 111 21 nombreu-

697 591 37 17 ses
745 587 81 21 lettres
837 588 28 20 de
877 588 98 20 lecteurs
987 589 38 24 qui
1037 593 60 16 nous
1108 589 54 20 font
1173 589 54 24 part

697 612 30 20 de
738 612 49 20 leur
799 612 146 25 indignation
959 617 6 16 :
979 613 59 20 dans
1050 613 101 20 certains
1163 607 63 27 cafés

696 637 26 20 et
742 637 151 23 restaurants,
913 637 30 21 ils
963 638 43 20 ont
1026 642 31 16 vu
1078 637 40 21 des
1139 637 87 20 soldats

696 660 66 22 aillés
776 661 214 22 scandaleusement
1003 661 68 22 volés.
1085 662 20 20 A
1119 662 107 23 certains,

696 689 32 17 on
745 686 46 20 fait
809 690 70 21 payer
897 686 40 21 dix
954 687 26 20 et
996 685 81 26 quinze
1096 686 79 21 francs
1193 690 33 16 un

696 714 65 16 verre
773 710 28 20 de
813 707 63 24 bière
886 711 40 24 qui
937 711 54 20 n'en
1002 712 57 20 vaut
1070 715 43 20 pas
1124 711 22 20 le
1159 711 64 20 tiers!

723 735 46 20 Des
784 734 98 21 témoins
885 739 3 6 1
897 735 30 20 de
943 744 9 8 .
968 739 70 20 coups
1053 735 29 21 de
1097 735 56 21 fusil
1169 744 9 9 »
1195 739 31 16 en

697 760 43 19 ont
757 760 47 20 fait
821 760 161 20 l'observation
999 760 16 21 à
1033 764 33 16 un
1084 764 86 20 garçon
1188 760 38 24 qui

697 783 50 21 leur
759 788 16 17 a
786 783 104 26 répondu
903 788 55 17 avec
971 785 174 24 impertinence:
1163 784 63 20 «Est-

697 812 26 16 ce
737 813 56 16 vous
807 809 39 23 qui
860 809 89 20 donnez
963 809 22 20 le
999 809 134 24 pourboire?
1149 817 9 9 »

724 833 38 20 Un
774 833 49 20 seul
835 833 92 24 conseil,
939 834 54 20 tant
1005 838 45 16 aux
1063 833 87 21 soldats
1163 833 65 21 alliés

697 858 83 24 qu'aux
793 857 99 21 témoins
903 857 98 22 révoltés
1016 863 6 16 :
1036 858 126 21 demander
1174 858 40 20 l'in-

699 882 131 20 tervention
842 882 29 21 de
884 883 24 20 la
921 883 73 24 police
1006 887 31 16 ou
1049 883 62 24 prier
1124 887 34 16 un
1170 882 44 21 offi-

697 907 47 20 cier
761 906 54 21 allié
834 907 29 21 de
880 907 54 21 bien
951 907 88 21 vouloir
1056 907 100 25 prendre
1173 908 54 19 note

698 931 32 20 du
746 936 55 15 nom
816 932 25 20 et
856 932 30 20 de
901 932 107 20 l'adresse
1024 932 32 20 du
1072 932 156 23 commerçant

698 960 56 17 sans
765 956 124 25 scrupules.
899 967 28 5 —
936 957 53 23 L.Q.

699 1000 37 21 Un
752 1000 52 21 film
818 1000 140 21 Intéressant

724 1048 34 20 La
774 1048 73 24 police
864 1048 121 24 judiciaire
1002 1053 16 16 a
1034 1052 32 20 pu
1082 1048 74 23 saisir,
1173 1047 56 21 chez

698 1076 34 16 un
747 1072 42 20 des
804 1072 134 25 opérateurs
954 1073 135 20 travaillant
1105 1077 53 16 sous
1174 1072 42 21 l'oc-

699 1097 110 24 cupation
822 1101 58 20 pour
894 1097 22 20 le
930 1097 90 24 compte
1035 1097 29 21 de
1078 1096 25 22 la
1115 1091 29 27 Ù.
1157 1097 25 21 F.
1197 1098 31 19 A..

698 1125 34 16 un
744 1121 53 21 film
808 1121 82 21 tourné
903 1122 16 21 à
930 1121 118 22 l'intéreur
1061 1122 29 21 de
1103 1122 24 20 la
1138 1121 91 21 maison

698 1145 30 21 de
739 1145 63 22 Léon
812 1146 111 25 Degreile,
935 1147 46 20 lors
994 1146 28 21 de
1034 1146 25 21 la
1069 1146 120 25 signature
1200 1146 29 21 de

699 1170 98 21 l'accord
811 1171 141 21 Rex-VJI.V.
967 1171 32 21 Ce
1012 1170 59 25 film,
1085 1171 39 24 qui
1138 1171 39 20 n'a
1191 1170 26 25 Ja-

698 1196 60 19 mais
770 1195 38 21 été
821 1195 129 25 développé,
964 1200 15 16 a
992 1195 125 25 enregistré
1131 1196 52 20 tous
1196 1196 33 20 les

698 1224 156 20 personnages
874 1221 73 24 ayant
967 1220 112 24 participé
1101 1229 9 8 «
1132 1220 15 20 à
1168 1220 61 20 cette

699 1245 72 24 petite
783 1244 128 21 cérémonie
924 1253 18 12 ».
954 1245 32 21 Ce
997 1249 52 16 sera
1061 1249 33 16 un
1106 1245 123 20 document

700 1269 141 21 intéressant
869 1269 14 20 à
912 1274 76 16 verser
1015 1273 32 17 au
1074 1269 86 21 dossier
1188 1269 41 21 des

699 1293 100 21 traîtres.
813 1304 29 5 —
856 1294 34 21 W.

700 1332 76 18 Aimos
791 1331 40 21 tué
844 1332 16 20 à
874 1332 65 19 Paris

724 1380 34 20 La
770 1379 67 21 radio
849 1379 117 24 française
979 1384 16 16 a
1007 1378 104 22 annoncé
1125 1379 24 21 la
1162 1378 67 22 mort,

698 1408 41 17 sur
755 1408 46 17 une
817 1404 126 23 barricade,
959 1404 47 20 lors
1021 1404 31 20 de
1067 1403 24 21 la
1106 1403 123 21 libération

699 1429 29 20 de
743 1429 72 22 Paris,
830 1428 32 21 du
877 1428 119 25 populaire
1012 1429 80 20 acteur
1107 1428 85 23 Aimos,
1208 1428 22 20 le

699 1454 51 20 vrai
765 1453 123 25 prototype
903 1453 33 20 du
954 1461 9 10 «
981 1453 39 21 titi
1037 1461 9 10 »
1064 1453 109 24 parisien,
1189 1452 40 21 tué

699 1478 69 20 d'une
780 1478 61 20 balle
854 1477 15 21 à
882 1478 24 20 la
918 1481 75 21 gorge.
1005 1488 28 5 —
1045 1478 29 20 H.

697 1518 65 20 Dans
775 1523 43 16 nos
832 1518 83 21 cercles
929 1518 156 24 dramatiques

723 1567 107 21 Pendant
841 1567 65 21 toute
916 1567 23 21 la
950 1566 71 22 durée
1032 1567 29 21 de
1072 1566 158 25 l'occupation,

697 1592 24 21 la
735 1592 137 21 Fédération
886 1593 118 20 nationale
1016 1593 42 20 des
1072 1592 89 24 Cercles
1176 1592 41 20 dra

697 1618 114 24 matlques
825 1619 29 20 de
869 1619 94 23 Langue
978 1618 116 24 française
1109 1619 53 20 s'est
1177 1617 40 21 bor

696 1643 45 22 née
756 1644 151 25 uniquement
921 1644 15 20 à
952 1644 152 24 sauvegarder
1120 1644 33 20 les
1169 1643 48 21 inté

698 1669 48 22 rets
764 1670 29 21 de
813 1675 37 16 ses
868 1669 86 21 affiliés
972 1671 26 19 et
1017 1670 15 20 à
1052 1670 117 24 organiser
1190 1669 40 21 des

696 1700 111 16 concours
820 1696 29 20 de
863 1695 130 21 littérature
1007 1696 145 24 dramatique
1165 1695 65 20 entre

697 1722 94 20 auteurs
808 1721 82 24 belges.
909 1721 50 21 Elle
976 1722 38 20 n'a
1032 1721 85 24 jamais
1134 1720 96 21 sollicité

696 1747 128 21 l'insertion
850 1747 55 21 d'un
932 1746 160 25 communiqué
1118 1751 30 16 ou
1175 1747 55 20 d'un

696 1773 92 24 compte
799 1773 73 21 rendu
884 1773 58 20 dans
953 1777 33 16 un
996 1773 93 24 journal
1098 1772 132 25 paraissant

697 1802 54 17 sous
766 1799 23 20 le
805 1798 101 22 contrôle
923 1799 28 20 de
968 1799 24 20 la
1009 1799 148 23 propagande
1173 1798 44 20 aile

696 1824 92 21 mande.

722 1850 51 20 Aux
785 1849 187 22 manifestations
984 1849 99 24 intimes,
1095 1850 40 24 qui
1147 1850 43 21 ont
1200 1853 30 18 eu

697 1875 46 21 lieu
757 1875 15 21 à
786 1876 23 20 la
824 1876 90 20 Maison
929 1876 29 20 de
971 1876 131 22 l'Amateur,
1116 1875 23 21 la
1153 1878 77 21 presse

698 1901 108 21 censurée
823 1901 39 21 n'a
881 1901 84 24 jamais
983 1901 38 21 été
1039 1901 102 23 conviée;
1162 1900 68 24 seuls,

697 1926 107 25 quelques
827 1926 154 25 Journalistes,
1004 1928 73 23 ayant
1099 1926 59 21 brisé
1181 1926 49 20 leur

698 1952 83 25 plume,
794 1954 42 19 ont
847 1952 37 21 été
896 1952 89 21 invités.
995 1963 28 5 —
1032 1952 35 21 W.

697 1991 31 20 Le
740 1991 90 24 maquis
842 1991 15 21 à
871 1992 125 19 l'honneur.

722 2037 32 21 Le
769 2037 88 20 colonel
873 2036 125 21 américain
1013 2036 59 21 dont
1087 2036 33 21 les
1136 2036 93 24 troupes

697 2062 42 20 ont
753 2061 69 21 libéré
836 2061 137 24 Houffalize,
987 2066 15 16 a
1016 2060 91 21 adressé
1120 2065 34 17 un
1167 2065 49 16 mes-

696 2091 56 19 sage
771 2091 47 16 aux
836 2086 122 21 habitants
977 2090 59 21 pour
1055 2086 34 20 les
1108 2086 121 20 remercier

698 2112 84 20 d'avoir
794 2111 133 21 débarrassé
938 2111 32 20 les
981 2112 78 19 routes
1068 2111 31 20 de
1109 2111 76 20 toutes
1196 2110 33 21 les

697 2136 153 21 obstructions
875 2137 25 19 et
905 2146 7 6 •
920 2136 40 21 des
985 2135 122 21 embûches
1126 2140 45 20 que
1195 2136 34 20 les

698 2161 131 21 Allemands
841 2166 15 19 y
867 2161 94 21 avaient
971 2160 93 21 semées.

722 2186 21 20 Il
763 2186 35 21 dit
816 2190 45 16 son
879 2185 141 21 admiration
1039 2190 58 20 pour
1115 2185 25 21 la
1159 2185 70 25 façon

697 2210 58 21 dont
772 2210 34 21 les
829 2210 144 25 maquisards
996 2210 176 21 construisirent
1196 2214 33 16 un

698 2239 55 21 pont
764 2236 139 23 supportant
914 2236 21 20 le
946 2235 105 21 matériel
1062 2235 22 21 le
1094 2235 52 25 plus
1156 2234 71 22 lourd.

699 2268 9 9 »
716 2261 97 20 Aucune
824 2259 60 25 ville,
896 2260 80 24 ajoute
987 2260 23 20 le
1022 2259 94 23 colonel,
1127 2264 32 16 ne
1170 2263 60 17 nous

698 2289 15 17 a
732 2284 64 22 aidés
814 2285 85 20 autant
915 2285 26 20 et
958 2285 63 20 aussi
1038 2284 192 24 intelligemment

698 2314 44 20 que
754 2309 76 21 Houff
829 2309 58 21 alise
894 2318 18 12 ».
924 2319 29 6 —
964 2310 29 20 N.

699 2348 42 20 Les
756 2348 82 24 Belges
852 2352 30 16 en
899 2348 115 19 Abrsilnie

710 2398 32 20 Le
751 2397 118 24 capitaine
878 2397 61 20 J.-B.
949 2395 113 22 Cartland
1072 2400 59 16 nous
1142 2400 15 16 a
1167 2395 65 25 parlé

697 2423 40 21 des
747 2421 128 22 difficultés
885 2421 105 21 énormes
999 2420 189 26 qu'éprouvèrent
1198 2420 34 21 les

699 2447 94 25 Anglais
805 2452 32 16 au
847 2447 73 21 début
930 2447 30 21 de
971 2447 23 20 la
1007 2449 128 22 campagne
1145 2445 73 22 d'Afrl

698 2478 50 20 que.
764 2474 48 20 Nos
826 2472 67 22 alliés
907 2472 89 21 étaient
1011 2472 49 20 mal
1076 2471 114 25 préparés,
1206 2474 26 17 et

697 2499 29 21 ils
741 2499 118 20 n'avaient
875 2502 44 21 que
935 2498 59 23 3,500
1010 2498 106 20 hommes
1132 2498 60 20 dans
1208 2497 22 20 le

698 2525 100 21 Soudan.
810 2525 47 19 Par
866 2524 86 23 contre,
964 2528 30 16 en
1006 2523 119 25 Abysslnie
1136 2524 25 19 et
1172 2523 58 20 dans

697 2550 62 21 leurs
772 2550 79 21 autres
865 2549 145 26 possessions,
1023 2550 35 20 les
1073 2549 95 19 Italiens
1182 2549 36 20 dis-

697 2576 107 24 posaient
814 2576 28 21 de
853 2575 84 22 300.000
949 2575 93 23 soldats,
1052 2574 54 25 plus
1116 2578 34 16 un
1161 2575 70 23 quart

698 2602 29 20 de
741 2601 90 21 million
845 2606 31 16 en
891 2601 76 23 Lyble!
985 2601 33 20 Ce
1033 2600 40 24 qui
1087 2605 32 16 ne
1132 2600 34 20 les
1180 2604 38 16 em-

698 2627 75 24 pêcha
783 2631 44 20 pas
836 2627 29 20 de
878 2631 24 16 se
913 2626 59 21 faire
983 2626 83 21 battre.

723 2653 73 20 Entre
810 2652 52 24 juin
878 2654 25 20 et
916 2651 123 21 novembre
1056 2651 57 23 1940,
1128 2651 34 21 les
1177 2650 42 21 Bri-

698 2678 122 24 tanniques
844 2678 84 20 durent
950 2677 77 21 battre
1050 2677 128 21 lentement
1200 2679 31 17 en

698 2703 101 24 retraite,
818 2703 59 21 mais
895 2703 58 25 près-
966 2703 29 21 de
1012 2702 89 21 Kasala
1118 2707 34 16 un
1170 2701 49 24 régi-

699 2730 65 20 ment
781 2729 70 24 belge,
869 2729 59 20 dont
945 2728 23 21 le
985 2728 116 25 capitaine
1119 2727 112 21 Cartland

698 2755 36 21 dit
749 2755 23 20 le
787 2755 53 24 plus
856 2754 73 25 grand
946 2754 60 23 bien,
1022 2754 52 20 vint
1089 2754 34 20 les
1138 2753 80 20 renfor-

700 2785 44 16 cer.
756 2791 28 5 —
796 2780 28 24 Q.

700 2820 67 16 Divers

177 3725 35 21 La
227 3723 113 26 première
356 3722 98 26 régence
470 3727 89 16 connue
577 3722 105 21 remonte

152 3754 33 17 au
206 3750 14 20 4
241 3749 56 22 août
320 3749 57 23 1060,
399 3749 53 25 Jour
473 3748 30 21 où
525 3747 24 21 la
570 3748 62 20 mort
653 3746 30 21 de

153 3775 73 21 Henri
248 3775 40 23 I",
312 3774 37 21 roi
371 3773 30 21 de
426 3773 95 22 France,
545 3772 91 21 laissait
661 3772 22 20 le

152 3803 111 22 royaume
279 3799 69 20 entre
364 3798 34 21 les
416 3798 77 21 mains
510 3797 56 21 d'un
584 3797 35 20 roi
637 3797 33 20 mi-

151 3828 67 21 neur,
232 3824 108 25 Philippe
354 3823 39 21 I".

178 3856 35 21 La
226 3855 101 22 Flandre
341 3854 40 22 fut
396 3854 74 22 mêlée
483 3854 15 21 à
514 3854 61 21 cette
590 3853 90 21 affaire.

153 3882 36 20 En
204 3880 66 24 effet,
287 3880 138 21 l'éducation
441 3879 33 21 du
490 3880 71 24 jeune
577 3878 105 24 Philippe

153 3905 65 23 avait
234 3905 37 21 été
289 3904 91 22 confiée
395 3909 45 21 par
457 3904 23 21 le
496 3904 41 20 feu
554 3904 35 20 roi
606 3903 16 21 à
640 3907 42 16 son

153 3929 140 24 beau-frère,
307 3930 128 23 Baudouin,
448 3930 75 20 comte
535 3928 30 22 de
577 3928 106 21 Flandre.

153 3955 86 22 C'était
257 3955 123 21 Baudouin
398 3955 26 21 V.
442 3955 47 20 Par
508 3953 132 23 testament,
661 3953 23 20 le

152 3980 37 22 roi
200 3980 31 21 de
243 3980 90 21 France
346 3979 80 21 l'avait
440 3979 80 25 appelé
534 3978 15 22 à
563 3979 24 20 la
601 3978 81 21 tutelle

152 4004 35 22 du
211 4005 37 21 roi
272 4005 92 21 mineur
389 4005 27 20 et
440 4004 16 21 à
480 4004 25 21 la
529 4003 97 25 régence
651 4003 32 21 du

153 4034 116 21 royaume.
295 4029 22 21 D
341 4029 49 25 prit
415 4029 61 21 alors
501 4029 33 21 les
560 4029 67 21 titres
652 4028 31 21 de

154 4061 13 13 «
178 4055 75 21 comte
263 4054 26 21 et
299 4055 101 24 marquis
410 4054 41 21 des
463 4054 132 23 Flamands,
606 4053 64 21 admi-

154 4080 128 21 nistrateur
299 4080 26 20 et
342 4079 48 21 bail
408 4079 30 21 de
455 4079 112 24 Philippe,
587 4079 35 21 roi
642 4078 41 21 des

154 4105 111 25 Français
280 4110 20 15 ».

181 4136 32 22 Ce
228 4135 40 22 fut
282 4135 17 21 à
314 4135 61 22 cette
391 4134 87 26 époque
493 4139 44 21 que
552 4135 24 21 le
591 4135 46 21 duc
653 4135 30 21 de

154 4160 148 24 Normandie,
325 4160 39 25 qui
388 4159 65 22 avait
475 4159 84 26 épousé
581 4164 29 17 sa
633 4159 50 21 fille

155 4185 73 23 aînée,
267 4185 94 24 conquit
396 4185 155 24 l'Angleterre.
588 4186 95 20 Comme

155 4210 83 25 régent
256 4210 31 21 de
306 4210 94 24 France,
420 4210 18 21 11
457 4210 79 21 refusa
556 4210 29 21 de
605 4209 80 21 l'aider

154 4235 61 22 dans
230 4240 27 16 sa
271 4235 117 25 conquête,
404 4235 60 21 mals
479 4239 87 17 comme
581 4235 103 24 marquis

154 4260 31 22 de
200 4260 106 24 Flandre,
320 4260 19 20 il
355 4259 99 23 accorda
469 4264 32 17 au
516 4260 45 20 duc
577 4260 30 20 de
623 4260 48 20 Nor-

155 4285 94 21 mandie
266 4285 121 20 vaisseaux
404 4285 26 20 et
447 4285 99 23 troupes.
564 4294 29 5 —
609 4285 27 21 V.
653 4284 31 22 O.

155 4329 110 24 Régence.

180 4376 96 25 D'après
285 4376 122 22 historiens
417 4377 24 21 et
451 4377 99 24 Juristes,
556 4376 23 21 la
590 4376 95 24 régence

153 4402 37 20 est
199 4401 202 21 l'administration
407 4401 27 21 de
441 4401 75 24 l'Etat,
523 4401 90 22 confiée
619 4402 15 20 à
640 4406 46 17 une

155 4431 31 17 ou
198 4426 112 25 plusieurs
323 4430 130 22 personnes,
466 4426 109 24 chargées
586 4427 30 23 de
628 4431 45 20 sup-

155 4450 63 26 pléer
232 4451 22 20 le
268 4451 122 20 souverain
402 4451 60 21 dans
477 4451 33 21 les
523 4456 41 16 cas
579 4452 29 20 où
623 4451 17 21 11
655 4456 30 16 ne

155 4476 57 24 peut
236 4479 125 21 gouverner
385 4480 43 20 par
452 4476 125 24 lui-même,
600 4477 47 21 soit
670 4480 15 17 a

155 4505 71 17 cause
239 4500 126 25 d'absence,
379 4502 29 19 de
422 4500 109 25 captivité
545 4506 30 17 ou
590 4501 29 21 de
633 4506 39 16 ma-

155 4525 69 25 ladie,
235 4525 47 21 soit
294 4525 16 21 à
324 4530 67 16 cause
406 4527 28 21 de
448 4525 107 22 minorité
562 4534 18 14 ».

181 4558 37 21 En
232 4558 95 23 France,
341 4556 90 25 d'après
445 4557 25 21 la
485 4557 156 23 Constitution
656 4558 30 21 de

157 4582 57 23 1875,
232 4581 22 21 le
271 4581 118 25 président
406 4582 28 20 de
452 4582 23 20 la
493 4582 141 25 République
650 4583 37 21 est

156 4607 94 25 suppléé
265 4611 44 21 par
323 4607 22 20 le
360 4607 92 21 Conseil
466 4607 41 21 des
522 4608 122 21 ministres.

182 4640 65 20 Dans
259 4639 25 20 la
295 4638 134 22 monarchie
440 4638 141 26 pontificale,
594 4640 21 20 le
628 4644 45 20 pou-

157 4664 49 21 voir
220 4664 37 21 est
271 4663 79 22 exercé
366 4658 104 30 pendant
484 4663 144 25 l'interrègne
644 4669 42 20 par

157 4688 23 22 le
191 4688 105 21 cardinal
309 4688 154 25 camerlingue
476 4689 26 20 et
516 4688 21 21 le
551 4689 122 21 Sacré-Col

156 4713 57 26 lège.

182 4745 44 21 Les
244 4744 145 22 monarchies
406 4744 112 23 électives,
537 4749 88 17 comme
645 4751 42 19 par

158 4769 102 25 exemple
274 4770 22 22 le
311 4769 68 21 Saint
394 4770 96 23 Empire,
505 4774 30 17 ou
550 4769 24 22 la
588 4771 98 24 Pologne

157 4795 66 21 n'ont
243 4793 179 22 naturellement
444 4799 41 20 pas
507 4799 76 17 connu
605 4795 23 21 la
649 4795 25 22 ré-

157 4824 78 21 gence.
246 4830 28 4 —
285 4820 27 20 V.
325 4819 29 21 G.

159 4865 103 21 Sécurité

187 4912 52 21 Une
253 4911 70 26 jeune
338 4911 115 22 militante
467 4912 25 20 F.
507 4912 19 21 I.
541 4913 58 20 était
613 4917 22 16 la
651 4918 24 16 se

158 4936 97 21 crétalre
266 4936 70 21 d'une
347 4936 75 21 vieille
434 4936 67 21 dame
514 4936 73 25 noble,
599 4942 88 16 connue

158 4964 59 22 pour
242 4965 27 17 sa
296 4960 186 25 germanophilie.
506 4961 62 21 Mals
594 4965 94 21 presque

158 4985 86 21 autant
262 4989 44 20 que
325 4984 34 21 les
377 4985 102 20 officiers
499 4985 127 21 allemands
644 4986 44 20 elle

159 5009 82 22 aimait
259 5014 27 17 sa
306 5008 128 22 secrétaire.
454 5009 67 21 Aussi
541 5008 134 23 l'autorisait

159 5033 44 22 elle
216 5038 46 17 aux
274 5034 84 21 heures
372 5033 27 22 de
413 5033 62 21 loisir
489 5033 15 22 à
517 5034 100 21 recevoir
629 5034 60 21 dans

157 5063 45 17 son
216 5058 88 21 bureau
318 5058 52 21 tous
384 5062 38 17 ses
436 5057 65 22 amis.

186 5097 11 11 <
204 5089 22 20 Il
237 5089 54 21 faut
302 5088 54 21 bien
368 5093 44 20 que
424 5088 105 24 Jeunesse
541 5094 24 16 se
578 5093 90 20 passe...
678 5099 8 9 .

158 5113 127 21 disait-elle
300 5113 138 24 Indulgente.
453 5113 48 22 Elle
516 5118 31 16 ne
561 5118 24 16 se
598 5114 92 21 doutait

158 5142 44 20 pas
214 5142 43 20 que
270 5137 91 21 celle-ci
372 5138 88 24 passait
473 5138 22 21 la
509 5139 78 20 sienne
601 5137 14 21 à
628 5138 49 21 chif-

159 5161 49 22 frer
228 5162 41 21 des
288 5166 115 20 messages
424 5166 57 20 pour
502 5161 107 23 Londres,
628 5164 26 20 et
674 5162 16 21 à

159 5186 118 25 fabriquer
296 5187 42 20 des
358 5188 77 23 postes
455 5185 130 23 émetteurs.
607 5187 29 21 Et
657 5187 32 21 les

159 5211 103 21 officiers
274 5210 128 23 allemands
415 5216 29 16 ne
454 5212 49 20 s'en
515 5206 121 26 doutaient
648 5216 42 20 pas

159 5235 137 25 davantage.
318 5236 44 20 Les
382 5236 137 20 sentiments
540 5235 101 21 affichés
662 5236 28 21 de

159 5260 106 22 l'hôtesse
276 5259 89 21 étaient
374 5264 46 17 une
432 5261 104 24 garantie
548 5260 28 21 de
587 5259 103 23 sécurité.

186 5291 30 21 Et
233 5290 24 21 la
275 5290 108 25 présence
400 5291 30 21 de
447 5295 27 17 ce
492 5291 64 24 foyer
575 5291 28 21 de
621 5290 56 21 résis-

159 5316 70 21 tance
241 5319 54 17 sous
308 5315 22 21 le
343 5315 44 20 toit
400 5315 29 21 de
442 5315 23 21 la
479 5315 128 21 douairière
619 5315 71 21 colla-

161 5340 167 20 borationniste
352 5344 31 17 ne
408 5339 38 21 fut
469 5339 85 24 Jamais
577 5344 112 20 soup.on-

159 5363 52 24 née.
222 5374 28 5 —
261 5364 23 20 S.
296 5364 27 20 B.

160 5417 13 11 •
179 5409 32 21 Le
224 5408 48 24 Coq
285 5407 83 21 wallon
381 5407 101 21 inviolé»

719 2857 25 16 Le
761 2856 69 16 comité
847 2856 94 16 directeur
958 2855 23 17 de
999 2855 19 16 la
1036 2854 112 17 Fédération
1166 2854 53 16 natio-

701 2878 42 14 nale
764 2876 33 17 des
819 2877 72 15 Unions
914 2875 163 19 professionnelles
1099 2874 91 20 agricoles
1212 2878 20 13 se

698 2897 85 19 réunira,
804 2896 93 17 mercredi
917 2896 25 16 20
960 2895 111 19 septembre,
1095 2895 12 16 k
1128 2894 102 18 Bruxelles,

700 2917 27 19 13,
738 2920 35 13 rue
785 2916 36 17 des
832 2915 137 18 Polasonnlers.

720 2944 35 16 Les
768 2943 79 17 femmes
862 2943 77 15 libérées
955 2942 23 17 de
990 2942 21 17 la
1025 2942 63 19 prison
1102 2942 25 16 de
1140 2942 90 15 St-Gilles

698 2964 47 17 aont
755 2963 82 18 Invitées
849 2963 12 17 à
873 2967 21 13 se
906 2963 77 16 trouver
995 2962 52 20 Jeudi
1059 2962 21 16 21
1094 2961 111 20 septembre,
1220 2961 11 15 à

700 2985 21 16 IS
734 2984 21 17 h.
768 2984 28 19 30,
810 2987 36 13 rue
858 2983 84 20 Auguste
956 2983 50 17 Orts.
1020 2982 28 16 24.
1061 2982 89 19 Monique
1163 2981 67 18 Wesly,

699 3004 81 17 détenue
794 3003 92 20 politique
901 3003 66 20 prison
982 3003 23 16 de
1019 3001 98 20 St-Ollles,
1132 3002 23 16 2e
1170 3002 60 17 étage.

722 3032 27 16 La
767 3030 114 17 Fédération
899 3029 102 18 Nationale
1021 3029 99 17 «Centrale
1140 3028 34 17 des
1193 3029 27 14 An-

701 3051 51 15 ciens
771 3050 120 17 Prisonniers
909 3049 107 18 1914/18-40
1023 3054 17 13 »,
1058 3049 48 17 dont
1125 3048 28 17 les
1171 3048 60 16 eflec-

702 3071 33 15 tlfs
750 3070 73 17 actuels
837 3073 20 13 se
871 3069 94 17 chiffrent
979 3069 12 17 k
1005 3068 61 17 48.000
1081 3068 97 18 membres,
1193 3067 38 17 fait

701 3090 63 17 savoir
782 3090 12 17 à
812 3093 31 13 ses
860 3089 73 17 affiliés
952 3089 64 19 qu'elle
1035 3091 71 17 groupe
1124 3088 43 16 tous
1185 3090 47 13 ceux

701 3110 33 20 qui
747 3110 35 17 ont
795 3109 83 17 souffert
892 3109 24 16 de
928 3109 20 16 la
962 3108 91 20 captivité
1067 3111 48 17 pour
1129 3107 19 17 la
1161 3107 70 20 patrie.

723 3137 66 17 Grand
804 3137 33 16 bal
852 3136 24 17 de
891 3136 20 16 la
925 3135 108 17 Libération
1051 3134 87 20 organisé
1153 3137 45 14 sous
1215 3133 18 17 le

701 3159 105 17 patronace
818 3157 23 17 de
853 3156 20 17 la
885 3156 48 17 Ville
946 3156 24 16 de
982 3154 97 18 Bruxelles
1091 3155 20 17 et
1124 3154 72 17 honoré
1208 3153 24 17 de

700 3178 20 16 la
730 3177 89 19 présence
831 3177 24 16 de
863 3177 28 16 M.
902 3176 18 17 le
930 3175 130 20 bourgmestre
1070 3174 42 17 Van
1124 3175 25 16 de
1161 3173 61 18 Meule-

700 3197 74 18 broeck,
790 3200 25 13 en
830 3196 101 17 l'honneur
947 3196 22 16 de
986 3196 18 16 la
1021 3196 22 15 R-
1059 3196 21 15 A.
1096 3195 27 18 F.,
1139 3194 93 17 mercredi

701 3218 21 16 20
741 3217 105 19 septembre
865 3216 48 19 1044,
932 3216 12 16 à
963 3215 20 18 10
1001 3215 74 19 heures,
1096 3215 26 19 11,
1143 3214 89 17 chaussée

701 3238 97 18 d'Anvers,
809 3236 104 19 Bruxelles.

722 3265 26 16 Le
763 3264 88 18 syndicat
867 3264 34 16 des
918 3264 129 17 lithographes
1062 3263 23 16 de
1100 3262 97 17 BruxeUes
1213 3266 20 13 se

702 3285 77 16 réunira
789 3288 26 13 en
825 3283 103 18 assemblée
939 3283 94 20 générale,
1045 3283 18 16 le
1073 3283 72 16 samedi
1157 3283 21 16 23
1190 3285 33 15 sep-

702 3305 72 17 tembre
784 3304 99 20 prochain.
895 3317 13 4 .
920 3304 20 17 17
951 3303 76 19 heuree,
1038 3302 55 21 place
1104 3302 88 19 St-Géry.
1205 3301 28 18 23.

766 3372 82 56 LES
876 3372 292 55 SPECTACLES

840 3466 60 21 LES
917 3466 179 20 THEATRES

704 3525 204 27 Aujourd'hui
930 3524 161 23 Mercredi

704 3583 94 17 Monnaie.
810 3591 22 5 —
843 3582 90 18 Relâche.

702 3610 92 18 Galeries.
805 3618 23 5 —
840 3610 22 17 19
872 3609 22 18 b.
905 3609 22 17 30
935 3613 6 13 :
956 3615 8 9 «
978 3609 34 16 Les
1023 3608 105 18 Actualité*
1141 3609 31 16 100
1183 3612 21 17 p.
1217 3611 15 14 c.

703 3637 63 17 Gaité.
780 3646 24 5 —
815 3638 17 16 A
845 3637 63 19 partir
921 3637 25 17 de
960 3637 20 16 14
994 3636 19 17 h.
1029 3637 20 16 45
1059 3640 4 12 :
1080 3641 10 11 «
1103 3636 36 17 Les
1152 3637 80 16 Germa-

745 3662 54 13 nos...
813 3653 77 25 phlient
902 3662 17 13 ».

703 3685 82 16 Molière.
797 3693 23 5 —
833 3685 20 17 10
865 3685 20 16 ta.
897 3685 22 17 30
927 3688 6 14 :
946 3690 10 10 «
968 3685 76 18 Cyrano
1056 3684 23 17 de
1090 3684 94 20 Bergerac
1196 3688 15 11 ».

703 3712 113 17 VandeTille.
834 3721 23 4 —
873 3713 22 15 20
914 3712 18 16 h.
953 3711 19 17 15
982 3715 5 13 :
1007 3717 9 9 «
1034 3712 63 15 Revue
1114 3710 27 18 du
1159 3710 64 16 Vaude-

745 3733 43 16 ville
803 3733 42 17 1M4
858 3738 17 11 ».

702 3758 157 20 Folies-Bergère.
873 3770 27 4 —
912 3759 20 17 19
945 3759 20 16 h.
978 3758 22 17 30
1009 3762 5 13 :
1028 3763 10 10 «
1051 3758 77 17 Brussel
1139 3757 42 20 Vrij
1195 3762 16 12 ».

825 3810 283 38 Communiqués

704 3853 69 31 des
799 3851 167 33 théâtres
991 3852 41 31 et
1058 3852 173 30 concerts

1244 352 529 77 L'ALLEMAGNE

1318 454 99 49 APR
1420 444 53 59 ÈS
1510 454 95 49 GUE
1606 456 91 47 RRE

1318 539 163 39 L'opinion
1495 539 76 32 d'un
1584 540 117 39 député

1411 588 199 39 britannique

1338 661 24 31 Il
1379 662 80 30 n'est
1476 673 59 27 pas
1548 663 142 37 partisan

1246 710 42 31 du
1313 711 235 30 morcellement
1576 710 40 31 de
1637 722 36 20 ce
1697 722 79 26 pays

1276 791 9 9 »
1307 784 71 20 Leurs
1404 783 179 25 garde-manger
1609 783 81 25 pleins,
1717 783 60 21 mais

1249 808 60 20 leurs
1326 812 114 17 arsenaux
1457 808 69 20 vides.
1544 817 9 9 »

1272 832 63 21 Telle
1350 833 36 20 est
1400 833 25 21 la
1441 833 99 20 formule
1555 833 112 24 lapidaire
1681 837 43 20 par
1740 833 23 21 la-

1247 857 73 25 quelle
1333 858 31 19 M.
1378 858 58 20 Tom
1450 858 102 24 Drlberg,
1567 857 83 26 député
1665 858 98 24 Indépen-

1247 881 58 21 dant
1320 887 58 20 pour
1394 883 96 20 Maldon
1510 883 87 21 (Essex)
1617 883 16 20 à
1649 883 23 21 la
1690 883 74 20 Cham-

1247 907 39 20 bre
1300 907 41 21 des
1357 908 144 23 Communes,
1516 907 86 22 définit
1616 908 116 21 l'attitude
1748 908 29 20 de

1248 932 107 25 l'opinion
1368 932 108 26 publique
1490 933 148 25 britannique
1652 937 30 16 en
1697 937 27 16 ce
1739 933 37 25 qui

1247 962 111 16 concerne
1375 958 21 20 le
1413 958 135 20 traitement
1564 959 16 21 à
1596 958 118 25 appliquer
1732 962 45 16 aux

1248 982 130 21 Allemands
1392 983 67 24 après
1472 983 23 20 la
1508 983 100 20 victoire.

1272 1008 63 20 Nous
1355 1008 127 20 effleurons
1503 1012 46 16 une
1570 1008 62 20 foule
1653 1008 30 20 de
1704 1008 73 23 sujets

1248 1032 104 24 pendant
1368 1033 23 20 la
1408 1033 159 20 conversation
1583 1034 16 21 à
1615 1032 83 21 bâtons
1715 1037 50 15 rom-

1247 1061 43 20 pus
1309 1062 44 20 que
1370 1062 59 16 nous
1448 1062 71 16 avons
1538 1062 54 16 avec
1611 1058 22 20 le
1651 1057 84 25 député
1753 1057 24 20 et

1247 1086 55 17 avec
1321 1084 22 20 le
1364 1083 116 24 capitaine
1500 1082 113 21 Cartland
1632 1083 39 24 qui
1691 1087 16 16 a
1725 1082 52 23 fait,

1247 1107 41 20 dès
1299 1107 22 21 le
1332 1106 77 24 début,
1422 1107 23 21 la
1457 1107 84 25 longue
1553 1111 128 21 campagne
1692 1107 74 20 d'Afri-

1247 1136 49 21 que.

1273 1158 35 20 De
1327 1157 37 21 cet
1382 1157 122 23 entretien,
1524 1161 58 17 nous
1600 1157 110 20 retenons
1728 1161 50 20 que,

1247 1182 90 25 d'après
1357 1182 109 24 l'opinion
1485 1182 30 20 de
1534 1183 33 19 M.
1587 1182 103 24 Driberg,
1710 1182 17 20 il
1748 1185 31 16 ne

1247 1207 71 20 serait
1328 1211 42 20 pas
1381 1207 29 20 de
1421 1207 76 20 bonne
1508 1207 109 24 politique
1629 1206 28 21 de
1668 1206 110 21 morceler

1248 1232 148 24 l'Allemagne
1413 1236 40 16 car
1470 1232 50 20 cela
1538 1231 97 21 créerait
1653 1231 40 21 des
1712 1235 53 16 mou

1248 1257 103 20 vements
1363 1257 113 21 unitaires
1489 1257 147 21 clandestins.
1650 1257 20 20 Il
1683 1260 30 17 ne
1725 1256 54 20 faut

1248 1286 41 20 pas
1306 1281 108 21 résoudre
1430 1286 27 16 ce
1473 1281 116 25 problème
1605 1286 31 16 en
1653 1285 25 16 se
1694 1281 84 21 basant

1247 1311 40 16 sur
1303 1307 23 20 la
1342 1306 137 25 géographie
1494 1306 32 21 du
1542 1306 68 21 siècle
1625 1306 98 21 dernier.

1273 1332 86 22 Certes,
1373 1336 59 16 nous
1445 1332 36 20 dit
1494 1331 68 21 notre
1575 1332 172 21 interlocuteur.
1761 1331 17 19 11

1249 1361 13 19 y
1278 1361 15 16 a
1308 1356 82 21 accord
1406 1361 39 16 sur
1460 1357 115 20 certaines
1589 1360 102 17 mesures
1707 1356 60 20 indis-

1248 1381 125 24 pensables,
1385 1381 65 21 telles
1460 1385 44 21 que
1514 1386 5 15 :
1532 1381 108 24 punition
1651 1380 40 22 des
1702 1384 64 17 assas-

1248 1407 49 19 sins
1325 1406 71 23 nazis,
1427 1406 146 24 suppression
1602 1406 41 20 des
1673 1405 106 25 pouvoirs

1248 1431 153 21 dictatoriaux
1420 1431 41 21 des
1478 1431 108 24 magnats
1604 1431 29 21 de
1652 1430 127 21 l'industrie

1247 1456 25 21 et
1282 1456 30 21 de
1323 1456 59 21 celui
1394 1456 40 21 des
1445 1456 101 24 junkers,
1558 1456 137 25 liquidation
1708 1455 72 21 totale

1248 1481 32 20 du
1296 1481 62 24 parti
1376 1481 114 21 hitlérien.

1417 1519 192 29 Occupation?

1272 1571 28 5 —
1312 1561 197 24 Occuperez-vous
1540 1561 149 24 l'Allemagne
1721 1565 46 21 pen-

1247 1586 59 20 dant
1318 1586 129 25 longtemps
1456 1587 11 20 ?

1274 1612 32 19 M.
1322 1611 96 24 Drlberg
1434 1611 100 24 esquisse
1549 1615 33 16 un
1597 1611 64 24 geste
1674 1611 88 20 indécis

1273 1645 28 5 —
1313 1636 34 21 La
1359 1636 106 25 question
1477 1636 29 21 de
1520 1636 152 25 l'occupation
1684 1636 36 21 est
1734 1636 46 21 très

1247 1661 102 21 discutée
1364 1661 61 21 dans
1440 1666 36 16 ses
1493 1661 89 21 détails.
1600 1661 21 21 Il
1636 1661 86 21 faudra
1739 1665 27 16 ac-

1248 1686 80 20 corder
1340 1687 15 20 à
1367 1686 149 24 l'Allemagne
1527 1691 46 15 une
1585 1686 103 21 certaine
1700 1686 80 20 liberté

1248 1711 148 25 économique
1418 1711 25 21 et
1466 1711 152 25 l'occupation
1641 1715 30 17 ne
1694 1715 86 21 pourra

1248 1735 154 22 évidemment
1428 1740 42 20 pas
1496 1736 49 21 être
1571 1736 92 21 assurée
1688 1741 43 20 par
1756 1736 24 21 la

1248 1761 224 24 Grande-Bretagne
1488 1761 68 21 seule.

1410 1801 208 23 Communisme

1273 1851 28 6 —
1313 1843 43 20 Les
1372 1842 117 21 dernières
1503 1842 111 22 élections
1629 1843 42 20 ont
1687 1847 30 16 eu
1733 1842 47 21 Heu

1249 1868 17 20 U
1279 1871 16 21 y
1310 1872 15 16 a
1339 1867 57 20 neuf
1411 1872 49 17 ans.
1475 1867 53 25 quel
1542 1867 99 21 résultat
1655 1867 126 21 attend-on

1249 1892 40 21 des
1305 1893 137 24 prochaines
1451 1893 11 20 ?
1480 1893 39 20 TJn
1535 1897 58 20 coup
1610 1892 30 21 de
1656 1892 68 21 barre
1741 1892 40 21 des

1249 1918 163 24 Britanniques
1449 1921 51 16 vers
1536 1917 22 21 le
1594 1918 165 20 communisme
1768 1917 11 20 ?

1275 1942 82 21 Grand
1371 1943 64 24 geste
1449 1942 29 21 de
1491 1942 140 25 dénégation
1645 1946 43 21 que
1703 1942 21 20 le
1738 1942 29 21 dé

1248 1967 55 25 puté
1318 1968 110 20 accentue
1442 1971 43 20 par
1496 1971 5 16 :

1273 2002 28 5 —
1313 1993 45 20 Pas
1376 1992 33 21 du
1429 1993 57 19 tout.
1507 1992 132 24 Interrogez
1657 1992 61 20 donc
1737 1995 43 17 nos

1249 2017 93 21 soldats.
1361 2018 45 20 Sur
1424 2017 40 20 dix
1482 2017 104 21 hommes
1604 2027 27 5 —
1648 2017 25 20 et
1691 2017 24 24 je
1732 2016 48 21 suis

1248 2042 54 20 bien
1321 2042 66 24 placé
1407 2046 59 20 pour
1486 2042 23 20 le
1528 2042 76 20 savoir
1625 2042 96 24 puisque
1740 2042 40 23 j'ai

1249 2067 77 21 donné
1338 2067 31 20 de
1381 2067 148 20 nombreuses
1542 2066 240 22 conférences-débats

1248 2092 16 20 à
1276 2092 94 21 l'armée
1379 2102 28 4 —
1420 2092 56 20 trois
1488 2096 31 16 ou
1531 2092 82 24 quatre
1625 2091 156 21 s'intéressent

1249 2117 15 21 k
1279 2117 24 21 la
1317 2117 110 25 politique
1442 2121 55 16 avec
1512 2116 41 21 des
1567 2116 143 25 sympathies
1724 2120 57 20 pour

1248 2142 24 21 la
1287 2142 95 25 gauche,
1397 2146 34 16 un
1445 2142 36 20 est
1496 2142 131 20 nettement
1642 2141 65 25 «plus
1722 2145 45 19 gau-

1249 2167 56 20 che»
1323 2168 25 20 et
1365 2167 23 20 le
1406 2167 60 20 reste
1486 2166 204 21 «consciemment»
1708 2166 61 21 indif

1250 2192 82 21 férent.

1275 2217 39 21 Un
1337 2217 70 24 jeune
1431 2216 183 24 lance-corporal
1638 2216 31 20 de
1693 2215 89 21 faction

1249 2241 59 21 dans
1320 2245 48 17 une
1379 2241 64 25 pièce
1456 2241 88 21 voisine
1556 2240 65 21 brûle
1634 2241 147 19 d'intervenir

1249 2266 60 21 dans
1324 2266 134 22 l'interview
1472 2266 26 21 et
1512 2276 28 6 —
1554 2266 15 21 ô
1584 2266 91 24 respect
1690 2265 79 21 britan-

1248 2291 70 24 nique
1343 2295 60 21 pour
1428 2291 77 20 toutes
1531 2290 33 21 les
1590 2290 113 24 opinions,
1730 2289 51 21 d'où

1249 2316 92 25 qu'elles
1353 2316 112 20 viennent
1476 2326 27 5 —
1515 2315 21 20 le
1549 2314 84 26 député
1646 2315 25 20 et
1683 2315 22 21 le
1718 2315 51 24 capi

1249 2342 64 20 talne
1328 2341 115 20 l'invitent
1457 2341 15 19 à
1486 2340 83 25 parler.

1274 2367 33 20 Le
1323 2366 93 24 caporal
1434 2370 59 16 nous
1511 2365 112 21 confirme
1641 2364 33 21 les
1691 2364 90 25 paroles

1250 2390 29 22 de
1291 2391 32 20 M.
1336 2391 97 24 Drlberg
1445 2391 26 20 et
1483 2390 17 21 11
1513 2394 59 16 nous
1584 2389 105 25 explique
1701 2393 45 21 que
1758 2389 24 20 la

1250 2416 68 23 chose
1337 2416 56 25 peut
1412 2416 49 20 être
1480 2415 118 21 constatée
1617 2419 32 16 au
1667 2418 67 17 cours
1752 2414 31 20 de

1250 2441 81 21 débats
1351 2440 121 24 éducatifs,
1492 2440 40 25 qui
1551 2440 44 21 ont
1614 2440 47 20 lieu
1680 2443 59 21 pour
1758 2439 24 20 la

1250 2467 82 23 troupe
1349 2470 47 16 une
1413 2466 46 20 fois
1477 2469 43 20 par
1538 2465 110 20 semaine.
1663 2475 5 5 ■

1377 2504 102 24 Russes
1493 2504 29 24 et
1538 2503 114 29 Anglais

1274 2557 28 5 —
1315 2548 42 20 Les
1381 2547 94 24 Anglais
1499 2551 31 16 ne
1554 2546 162 25 passeront-ils
1739 2549 43 21 pas

1250 2572 101 25 l'éponge
1364 2576 41 17 sur
1416 2576 34 16 un
1462 2573 38 20 tas
1513 2572 30 20 de
1556 2572 85 22 choses,
1654 2576 16 20 y
1683 2571 98 24 compris

1249 2598 33 21 les
1296 2597 200 22 bombardements
1511 2597 31 21 de
1556 2596 101 22 Londres
1665 2596 12 21 ?

1273 2633 29 5 —
1313 2623 30 20 Je
1352 2627 71 20 pense
1434 2626 43 20 que
1488 2623 33 21 les
1531 2621 146 22 Londoniens
1688 2621 94 21 avalent

1250 2647 54 24 déjà
1322 2651 97 21 presque
1437 2647 75 20 oublié
1531 2647 33 20 les
1583 2646 109 21 horreurs
1709 2645 30 21 de
1758 2646 24 20 la

1251 2673 93 20 «blltz»
1359 2673 29 20 de
1407 2672 95 23 1940-41,
1518 2672 60 20 mals
1594 2671 68 21 celles
1677 2670 41 21 des
1734 2671 20 19 V
1770 2671 12 19 I

1252 2698 53 20 sont
1319 2702 85 16 venues
1417 2697 90 21 raviver
1521 2697 50 20 leur
1584 2696 81 21 colère.
1678 2695 92 21 Permet-

1250 2716 95 27 tez-moi
1358 2722 30 21 de
1402 2722 58 20 citer
1473 2726 26 16 ce
1512 2722 51 20 mot
1574 2721 81 21 récent
1667 2720 56 21 d'un
1736 2721 33 20 hu-

1250 2747 95 21 moriste
1356 2747 32 21 du
1400 2753 13 12 «
1420 2747 95 23 Sunday
1527 2747 97 24 Express
1631 2752 13 12 »
1655 2750 5 16 :
1675 2752 13 12 «
1694 2745 21 21 Il
1727 2746 42 20 fau-

1249 2772 63 21 drait
1328 2776 44 21 que
1388 2772 34 20 les
1439 2772 84 20 Russes
1541 2771 102 21 arrivent
1660 2771 72 21 avant
1748 2770 34 20 les

1250 2797 95 25 Anglais
1361 2798 16 21 k
1393 2797 86 20 Berlin.
1497 2796 114 25 Pourquoi
1619 2796 11 21 ?
1649 2796 73 20 Parce
1738 2799 43 21 que

1250 2823 33 20 les
1299 2823 86 20 Russes
1400 2822 155 24 épargneront
1571 2821 33 21 les
1619 2820 123 21 innocents
1758 2820 25 21 et

1250 2847 132 21 châtieront
1393 2848 34 20 les
1440 2846 127 25 coupables.
1580 2846 30 21 Et
1620 2846 34 21 les
1667 2846 94 23 Anglais
1770 2846 11 19 ?

1250 2873 42 20 Les
1311 2872 101 25 Anglais,
1432 2872 28 20 ils
1479 2871 110 25 poseront
1606 2871 40 21 des
1666 2871 116 25 questions

1250 2901 46 17 aux
1307 2897 122 21 innocents
1440 2897 25 21 et
1476 2896 127 22 inviteront
1615 2896 34 21 les
1661 2895 121 25 coupables

1251 2924 15 20 k
1283 2923 97 20 luncher
1398 2926 55 17 avec
1471 2922 54 21 eux!
1533 2927 14 14 »

1461 2961 40 23 La
1516 2960 24 25 V
1555 2959 15 25 1

1275 3004 33 21 Le
1326 3003 83 25 député
1427 3007 59 17 nous
1504 3002 65 26 parle
1586 3002 149 22 maintenant
1753 3002 29 21 de

1251 3029 23 21 la
1291 3022 94 31 «flying
1403 3029 92 19 bomb».

1286 3065 17 4 -
1314 3054 33 21 Le
1365 3054 72 21 début
1456 3053 38 21 fut
1514 3053 111 24 tragique.
1645 3052 85 22 C'était
1749 3056 33 17 un

1250 3079 123 21 dimanche
1385 3078 83 21 matin.
1481 3078 141 21 L'orchestre
1635 3077 42 21 des
1690 3077 80 21 Grena-

1251 3104 61 20 diers
1323 3103 93 21 Guards
1427 3108 25 16 se
1462 3102 134 25 produisait,
1608 3106 54 17 sous
1672 3102 24 21 la
1706 3102 64 21 direc-

1251 3129 51 20 tion
1316 3128 33 21 du
1364 3128 88 21 colonel
1467 3128 127 22 Windram.
1610 3127 60 21 dans
1685 3127 25 20 la
1725 3127 45 20 cha-

1251 3154 59 23 pelle
1326 3153 29 21 de
1370 3154 24 20 la
1410 3157 95 17 caserne
1522 3152 145 25 Wellington,
1684 3151 53 25 près
1753 3152 30 20 de

1250 3179 123 23 Trafalgar
1393 3179 93 24 Square.
1507 3178 52 20 Une
1579 3178 20 20 V
1620 3178 11 20 1
1652 3177 87 20 toucha
1759 3177 23 20 la

1252 3203 103 25 chapelle
1367 3207 31 17 en
1410 3203 63 24 plein
1485 3203 72 20 fouet.
1569 3202 21 21 Il
1602 3207 16 20 y
1629 3203 41 20 eut
1683 3203 38 20 300
1734 3202 36 20 vic-

1252 3229 74 23 times,
1343 3229 59 20 dont
1418 3228 52 24 plus
1486 3228 30 20 de
1533 3228 54 20 cent
1604 3227 57 21 tués.
1679 3227 34 20 La
1729 3231 41 20 pre-

1252 3254 70 20 mière
1334 3254 109 21 semaine,
1456 3253 25 21 la
1493 3253 20 20 V
1527 3254 10 19 1
1552 3252 114 25 produisit
1677 3256 34 17 un
1723 3252 60 21 effet

1251 3278 162 23 considérable,
1433 3278 108 21 d'autant
1562 3277 52 25 plus
1634 3276 104 25 qu'après
1760 3277 22 20 la

1251 3304 36 20 fin
1299 3304 40 21 des
1350 3303 201 21 bombardements
1563 3303 30 20 de
1605 3303 57 22 1941.
1673 3302 22 20 le
1706 3302 77 24 public

1251 3329 77 21 s'était
1349 3328 96 22 habitué
1466 3328 16 21 à
1502 3332 48 16 une
1571 3328 73 20 douce
1666 3327 115 25 euphorie.

1251 3354 61 21 Mals
1339 3354 22 20 le
1388 3353 56 21 choc
1472 3353 76 20 initial
1576 3352 117 21 s'atténua
1720 3356 63 17 assez

1251 3378 171 25 promptement
1441 3378 69 24 grâce
1529 3377 16 21 &
1565 3378 25 20 la
1609 3377 112 24 vigilance
1742 3377 41 20 des

1251 3404 109 24 Spltfires
1373 3404 39 24 qui
1426 3403 129 21 abattirent
1568 3403 119 23 beaucoup
1702 3402 28 21 de
1746 3406 37 16 ces

1251 3429 88 23 engins,
1359 3428 31 23 et,
1411 3432 89 17 comme
1519 3432 31 16 en
1570 3427 141 24 Angleterre,
1732 3427 51 20 tout

1251 3454 56 20 finit
1320 3458 44 20 par
1376 3453 22 20 le
1411 3453 71 23 sport,
1496 3456 30 17 on
1539 3453 100 20 s'amusa
1652 3452 15 20 à
1681 3452 102 20 détecter

1251 3478 103 22 l'arrivée
1368 3478 41 21 des
1424 3478 21 21 V
1459 3478 19 21 1.

1348 3517 37 24 Le
1401 3516 94 29 visage
1512 3517 34 23 de
1562 3516 122 24 Londres

1276 3568 29 6 —
1315 3559 32 21 Le
1359 3558 77 22 Palais
1449 3558 32 21 du
1493 3558 134 21 Parlement
1639 3558 67 21 a-t-il
1717 3558 53 20 souf-

1252 3584 47 21 fert
1312 3584 40 21 des
1365 3583 201 21 bombardements
1574 3583 11 20 ?

1276 3618 29 5 —
1316 3609 34 21 La
1367 3609 116 21 Chambre
1499 3608 41 21 des
1558 3608 138 20 Communes
1714 3612 15 16 a
1746 3607 37 21 été

1253 3634 96 21 touchée
1362 3634 25 20 et
1401 3635 33 20 les
1448 3632 96 25 députés
1558 3632 89 25 siègent
1660 3632 16 21 à
1690 3632 93 25 présent

1252 3659 15 21 k
1285 3659 24 21 la
1329 3659 117 21 Chambre
1464 3658 40 21 des
1524 3658 78 21 Lords.
1621 3658 22 21 H
1661 3658 39 23 n'y
1719 3662 16 16 a
1753 3661 30 16 eu

1251 3688 90 17 aucune
1361 3684 92 19 victime
1471 3682 77 26 parmi
1567 3683 33 20 les
1618 3678 114 25 membres
1751 3683 33 19 du

1252 3708 138 22 Parlement.

1276 3744 28 4 —
1316 3734 31 20 Et
1362 3734 65 20 Pleet
1443 3733 83 23 Street,
1543 3732 102 26 quartier
1662 3732 41 21 des
1718 3732 53 24 jour-

1252 3759 82 20 naux?

1277 3793 28 5 —
1317 3784 43 20 Les
1379 3783 126 21 bâtiments
1523 3782 41 21 des
1584 3782 115 24 journaux
1719 3782 64 20 n'ont

1254 3813 44 20 pas
1308 3808 53 25 trop
1372 3808 106 23 souffert,
1489 3812 47 20 car,
1547 3807 80 25 ajoute
1637 3807 33 21 M.
1681 3806 104 24 Drlberg.

1253 3833 120 21 lui-même
1408 3832 94 22 attaché
1539 3833 15 21 à
1590 3832 194 21 l'hpbdomadaire

1257 3867 9 9 »
1280 3858 123 25 Reynold's
1417 3866 18 15 »,
1448 3857 55 21 c'est
1515 3857 23 20 le
1551 3856 75 21 diable
1639 3857 39 24 qui
1691 3856 93 25 protège

1255 3883 33 20 les
1303 3882 155 25 journalistes.
1473 3893 27 4 —
1514 3882 25 20 L.
1555 3882 27 23 Q.

1795 358 145 64 DES
1974 357 348 63 MAISONS
2342 356 104 62 LES
2457 355 412 63 FAITS-DIVERS

1794 446 528 50 D'AIX-LA-CHAPELLE

1917 514 281 39 ARBORENT

1795 571 61 38 LE
1882 569 247 39 DRAPEAU
2154 568 170 39 BLANC

724 3927 95 17 Monnaie.
836 3936 23 4 —
872 3927 28 17 La
914 3927 66 17 saison
996 3925 92 20 régulière
1105 3927 129 15 commencera

703 3948 18 17 le
740 3948 101 16 dimanche
863 3948 31 15 ler
915 3946 81 19 octobre,
1018 3946 19 17 et
1058 3946 18 16 le
1095 3945 95 20 spectacle
1211 3945 23 17 de

703 3968 121 17 réouverture
835 3972 21 13 se
868 3970 108 16 composera
989 3967 23 17 de
1026 3972 8 9 ■
1042 3967 80 15 Carmen
1130 3971 9 10 »
1152 3966 20 17 et
1184 3968 40 13 com-

703 3992 87 12 mencera
805 3988 12 17 k
831 3988 20 16 16
863 3988 69 15 heures
943 3986 90 20 précises.
1046 3986 67 18 Lundi,
1127 3986 12 16 à
1153 3986 21 16 19
1186 3985 38 16 heu-

703 4012 31 13 res
742 4011 6 14 :
765 4013 10 9 «*
791 4008 27 17 La
834 4008 60 16 Toeca
912 4013 7 9 »
935 4009 21 15 et
973 4013 8 8 «
998 4006 97 18 Carnaval
1112 4006 11 16 k
1140 4005 68 17 Venise
1225 4010 8 9 >

706 4029 84 18 (ballet);
808 4028 63 16 mardi
880 4031 5 13 :
905 4034 9 8 «
931 4027 81 17 Samson
1031 4027 19 16 et
1067 4026 63 17 Dallla
1148 4030 17 14 »;
1184 4028 41 14 mer-

702 4048 54 17 credi
763 4052 6 13 :
785 4054 9 9 ■
808 4048 27 17 La
847 4048 48 17 Fille
907 4048 26 16 du
946 4047 100 19 Régiment
1060 4052 8 9 ■
1083 4048 19 15 et
1116 4052 9 9 ■
1139 4045 96 18 Carnaval

703 4069 12 16 k
728 4069 68 16 Venise
810 4072 18 15 >;
842 4068 53 20 Jeudi
903 4072 6 13 :
924 4074 9 8 <
947 4068 71 16 Manon
1032 4071 18 14 >:
1064 4067 91 16 vendredi
1163 4070 6 13 :
1184 4072 9 9 <
1207 4065 28 17 Le>

704 4089 72 17 Muette
789 4089 24 16 de
827 4088 70 17 Portici
911 4093 9 10 >
936 4090 19 14 et
970 4094 8 8 «
994 4088 73 16 Gretna
1080 4087 64 17 Oreen
1158 4092 9 9 >
1185 4086 40 17 (bal-

703 4109 45 18 let);
763 4109 73 17 samedi
845 4112 5 13 :
868 4114 8 9 ■
890 4109 28 16 La
932 4108 81 16 Bohème
1028 4113 9 9 »
1050 4108 22 16 et
1087 4113 9 9 «
1112 4107 95 16 Carnaval
1223 4110 11 13 a

704 4130 66 15 Venise
785 4134 15 12 ».

725 4155 91 17 Galeries.
868 4156 35 16 Les
915 4161 9 9 ■
939 4154 104 18 Actualités
1056 4155 52 17 100%
1122 4154 89 16 chantées
1225 4159 9 10 >

703 4176 20 17 et
734 4176 27 17 lea
773 4181 9 10 «
792 4176 53 16 Seize
855 4175 150 19 Mousquetaires
1016 4180 16 11 >.
1043 4174 74 17 Soirées
1126 4174 13 17 à
1151 4174 20 17 IS
1178 4174 20 16 h.
1204 4172 30 20 30;

704 4195 93 18 matinées
812 4195 27 17 les
853 4196 72 16 samedi
940 4196 20 16 et
975 4195 106 17 dimanohe.
1097 4195 13 16 à
1125 4195 20 16 16
1160 4195 75 16 heures.

704 4216 55 16 Jeudi
776 4216 22 16 38
813 4217 19 15 et
850 4216 71 16 samedi
938 4215 21 17 30
976 4214 111 20 septembre,
1103 4218 26 13 en
1145 4213 89 18 matinée,

704 4236 13 16 à
730 4236 20 16 15
762 4235 68 17 heures
839 4239 5 13 :
858 4241 9 9 «
880 4235 90 17 Tartuffe
983 4240 16 12 ».

726 4261 63 17 Gaité.
799 4270 23 4 —
832 4262 78 19 Chaque
920 4262 49 19 Jour,
982 4262 24 17 de
1018 4262 20 16 14
1044 4261 20 17 h-
1072 4262 21 16 45
1105 4262 12 16 à
1127 4262 21 16 SI
1160 4261 74 18 heures,

704 4282 20 17 la
736 4282 157 17 revue-fantaisie
904 4282 25 17 de
941 4282 19 17 la
973 4281 100 17 libération
1087 4287 9 9 ■
1108 4281 35 17 Les
1156 4282 79 16 Germa-

705 4306 53 13 nos...
774 4302 74 19 phlient
863 4308 16 10 >.

726 4328 83 19 Molière.
820 4337 23 5 —
851 4329 51 16 Tous
912 4329 28 16 les
950 4329 53 18 soirs,
1016 4328 12 17 fc
1039 4329 21 17 IB
1070 4328 19 17 h.
1100 4329 27 17 30.
1139 4334 9 9 ■
1160 4328 76 19 Cyrano

704 4349 24 17 de
746 4350 93 18 Bergerac
858 4354 16 14 »,
893 4352 47 14 avec
958 4348 78 17 Charles
1054 4348 103 17 Schauten.
1177 4347 48 17 Mati-

705 4369 45 17 nées
758 4372 6 14 :
780 4364 59 25 jeudi,
855 4369 73 17 samedi
944 4370 21 16 et
981 4368 107 19 dimanche,
1105 4369 12 16 à
1135 4369 20 16 14
1171 4367 20 19 h.
1208 4367 25 19 30,

705 4392 46 14 avec
763 4389 64 17 André
840 4390 75 19 Berger.

726 4416 115 16 Vaudeville.
855 4425 23 4 —
892 4416 51 17 Tous
958 4416 27 17 lea
1000 4416 55 17 soirs,
1071 4415 13 17 à
1099 4415 22 17 30
1136 4415 21 17 h.
1173 4415 26 19 15,
1216 4415 20 17 la

706 4439 56 14 revue
778 4442 9 9 ■
803 4436 27 16 Us
845 4437 44 16 sont
903 4436 66 16 foutus
985 4441 15 12 ».
1018 4439 46 13 avec
1078 4435 90 17 Simonne
1185 4436 51 17 Max,

705 4456 82 18 Rlttche,
812 4457 47 15 Nine
882 4456 91 18 Houtaln,
997 4456 65 16 Victor
1086 4456 68 18 Guyau
1184 4455 51 17 etc...

705 4476 115 17 Dimanches
833 4477 20 16 et
867 4476 54 18 fêtes,
936 4475 83 18 matinée
1033 4476 12 17 fc
1061 4476 19 16 16
1094 4476 74 16 heures.

727 4502 108 17 Alhambra.
849 4511 23 4 —
886 4503 18 16 f
906 4503 102 16 Alhambra
1023 4502 42 17 fera
1080 4505 23 13 sa
1114 4501 123 18 réouverture

706 4523 17 16 le
735 4523 11 16 6
759 4523 76 17 octobre
847 4526 45 13 avec
904 4526 27 13 tm
944 4522 94 20 spectacle
1050 4522 24 17 de
1086 4522 116 17 music-hall.

727 4549 155 19 Folles-Bergère.
900 4558 23 4 —
940 4550 50 15 Tous
1007 4549 27 17 les
1052 4549 59 19 Jours,
1129 4549 18 17 ls
1165 4549 72 20 grande

705 4573 57 13 revue
774 4575 8 9 ■
794 4569 76 17 Brussel
880 4570 40 18 VrlJ
934 4576 7 8 .
956 4569 104 18 (Bruxelles
1071 4569 83 17 libérée).
1166 4569 60 19 Repré-

706 4590 107 16 sentations
822 4593 5 13 :
842 4590 43 16 tous
897 4590 27 16 les
936 4589 53 19 Jours
1002 4590 13 16 fc
1029 4590 19 16 19
1061 4589 20 17 h.
1094 4590 28 19 30;
1136 4589 100 17 dimanche

706 4609 12 17 à
732 4610 20 16 14
764 4610 21 16 h.
798 4610 26 19 15,
838 4610 13 16 k
865 4610 20 16 16
896 4609 21 17 h.
929 4610 22 16 30
961 4610 22 17 et
995 4609 12 18 fc
1021 4610 20 16 10
1054 4609 18 17 h.
1087 4610 27 16 30.

856 4661 60 21 LES
935 4660 153 22 CINEMAS

186 5456 44 22 Les
247 5455 97 21 cuistres
360 5455 40 24 qui
416 5456 43 19 ont
476 5454 112 25 prétendu
606 5455 86 21 durant

160 5481 125 23 cinquante
287 5479 70 20 -deux
373 5479 58 21 mois
446 5484 58 17 nous
519 5480 98 24 Imposer
632 5480 60 21 leurs

161 5504 148 25 conceptions
325 5503 29 22 de
370 5503 36 21 vie
421 5504 26 20 et
462 5504 38 24 qui
517 5506 42 19 ont
575 5505 52 20 tout
642 5503 37 25 pié-

161 5529 56 23 tiné,
230 5529 52 20 tout
293 5527 97 26 profané
403 5529 23 19 et
439 5530 51 18 tout
501 5528 50 22 sali,
564 5530 42 19 ont
617 5529 75 20 oublié

161 5554 22 22 le
201 5554 48 23 Coq
267 5552 82 22 wallon
367 5557 30 16 ou
415 5561 9 9 -
433 5552 48 24 Coq
499 5552 72 21 Hardi
579 5562 9 9 •
608 5552 84 24 adopté

161 5584 30 17 en
217 5577 50 21 1913
292 5577 15 21 à
332 5577 125 23 Charleroi,
481 5581 43 20 par
548 5576 145 22 l'Assemblée

162 5602 113 21 wallonne
300 5605 43 20 que
367 5600 111 26 présidait
503 5601 64 21 Jules
591 5601 101 24 Destrée,

248 5632 3 15 i
264 5624 111 23 emblème
388 5625 29 21 de
431 5625 24 21 la
469 5625 117 22 Wallonie.
600 5636 27 5 —
640 5626 25 21 £.

707 4720 64 18 A.B.C.
787 4720 51 16 Folle
854 4719 78 18 Parade.
947 4719 75 21 Tjrone
1038 4719 69 19 Power.
1123 4721 50 17 Vers.
1189 4722 47 19 orig.

707 4740 128 19 ACROPOLE.
849 4740 77 17 Stanley
939 4740 20 15 et
972 4738 126 20 Llvlngstone.
1111 4740 50 18 Pari,
1175 4741 61 20 franc.

707 4759 164 17 AMBASSADOR.
889 4760 26 15 La
922 4759 30 16 vie
959 4758 48 19 priv.
1015 4759 22 16 de
1045 4759 58 16 Henri
1111 4760 49 18 Vin.
1178 4762 15 16 E
1199 4764 13 13 n
1219 4765 12 12 a

707 4779 121 16 AMERICAN
840 4779 54 16 CINE
916 4779 21 16 R.
949 4778 107 17 Pont-Neuf
1067 4787 21 4 —
1098 4780 43 16 JOE
1151 4781 85 16 BROWN

728 4799 48 16 dans
798 4798 56 17 Drôle
875 4798 96 19 d'Equipe.
992 4798 105 17 Actualités
1118 4799 31 17 Ire
1170 4800 66 16 vision.

707 4818 133 17 ARENBERG.
863 4818 25 16 Vs
895 4821 24 13 ne
926 4817 129 19 l'emporteres
1062 4821 35 15 pas
1104 4822 31 12 av.
1142 4822 27 14 vs.
1192 4821 14 15 V
1220 4823 16 13 o.

707 4838 86 16 CAMEO.
806 4839 26 15 Au
845 4837 61 16 revoir
917 4838 31 16 Mr
958 4837 64 20 Chips.
1034 4837 43 17 Pari
1096 4838 23 17 fr.
1132 4838 42 18 Enf.
1187 4839 44 16 adm

707 4858 119 16 CAPITULE.
839 4858 21 16 II.
871 4857 62 17 Garât
942 4857 23 17 ds
976 4858 24 15 Le
1010 4857 79 16 Chemin
1100 4857 23 16 de
1133 4858 104 16 l'Honneur

707 4877 144 17 CINEMONDE.
877 4876 55 17 Cette
950 4876 65 17 aaerée
1034 4876 68 17 Vérité.
1129 4877 9 16 I
1163 4878 73 16 Dunne.

708 4896 139 17 CINEPHONE.
861 4896 36 19 Qui
909 4900 13 12 a
935 4896 33 16 tué
980 4895 47 17 Miss
1039 4897 79 15 Preston
1126 4897 11 16 ?
1149 4897 49 18 Pari,
1212 4897 20 17 fr

707 4915 110 18 CINEVOX.
836 4916 85 16 Femmes
939 4915 104 19 marquées.
1061 4915 50 18 Pari,
1130 4917 19 16 fr
1173 4918 36 15 EN
1217 4918 13 15 A

708 4935 90 16 CROSLV
818 4936 17 16 L.
853 4935 35 17 III.
906 4935 90 17 Troubles
1014 4939 24 12 su
1056 4935 85 18 Canada.
1160 4936 71 16 Amérlc

708 4955 93 16 GROSLY
815 4956 22 16 N.
850 4954 93 19 Eléphant
956 4955 44 18 Bot»
1014 4954 49 17 Pari,
1077 4955 60 19 franc.
1150 4956 44 17 Enf.
1207 4956 29 16 ad.

708 4974 93 16 GROSLY
818 4975 118 18 Steenpoort.
951 4974 91 17 Troubles
1056 4978 25 12 au
1097 4974 85 18 Canada.
1199 4977 32 14 Am

708 4994 105 16 CRYSTAL
828 4994 57 17 PAL.:
901 4995 98 16 Kentuclcy
1015 4997 45 13 avec
1074 4994 77 16 Loretta
1167 4995 64 18 Young

729 5013 26 16 La
772 5013 88 19 Belgique
869 5017 5 13 :
891 5016 35 14 son
943 5013 84 17 histoire.
1044 5024 10 5 -
1070 5013 83 17 Enfants
1170 5014 62 17 admis

708 5032 83 17 FORUM
801 5037 5 12 :
820 5034 33 15 Les
866 5032 48 17 deux
927 5034 122 18 Bagarreurs,
1062 5036 29 13 av.
1105 5033 20 17 V.
1138 5033 98 19 HeLaglen

730 5052 25 16 La
773 5052 87 19 Belgique
869 5056 6 13 :
891 5056 35 12 son
943 5053 85 16 histoire.
1045 5063 9 5 -
1071 5052 82 17 Enfants
1171 5053 61 16 admis

710 5072 104 16 LUTETIA.
827 5073 73 15 Tartan
912 5071 116 20 l'Intrépide.
1041 5073 42 16 Par.
1096 5072 20 16 fr
1133 5073 37 16 Enf
1188 5073 43 16 adm

709 5092 109 15 MARIGNY
837 5092 34 16 Les
882 5091 78 17 Pilleurs
971 5091 23 16 de
1005 5091 75 18 Trains.
1091 5093 42 15 Ken
1145 5093 91 15 Mamard

709 5111 132 17 MARIVAUX.
858 5111 33 16 Les
907 5111 61 16 Hauts
984 5111 23 16 de
1023 5111 109 19 Hurlevent.
1147 5112 44 16 Pari
1214 5112 19 16 fr

710 5131 146 16 METROPOLE.
878 5130 64 16 Mlrna
955 5131 37 18 Loy
1007 5131 37 16 «La
1059 5131 105 17 Mousson-».
1179 5132 15 16 P
1214 5132 19 16 fr

710 5150 147 19 NORMANDIE.
870 5150 23 17 G.
907 5150 103 19 Raymond.
1024 5150 73 16 -Moins
1110 5151 57 17 Une».
1180 5152 15 16 P
1214 5151 24 17 tr.

711 5170 80 16 pathe.
806 5170 83 18 Dorotby
904 5170 85 17 Lamoor.
1003 5170 134 17 «Hnrricane».
1150 5171 45 16 Pari
1214 5171 19 16 fr

709 5189 97 17 QUEEN'S.
825 5189 38 15 San
881 5189 104 16 Francisco.
1003 5189 21 18 C.
1041 5189 66 19 Gable.
1124 5190 51 17 Vers,
1192 5184 41 26 Ofïg

709 5208 55 16 RITZ
785 5208 34 19 UO,
840 5212 33 13 rue
891 5208 24 17 de
933 5209 102 16 l'Escalier.
1064 5209 74 16 Jérôme
1158 5210 79 15 Perreau

733 5228 93 18 (Milton).
844 5228 81 16 Enfants
941 5228 62 16 admis

710 5247 97 17 STUART.
823 5248 40 16 Rue
878 5248 95 16 Bouchers
994 5248 165 17 St--Louis-Blnes.
1176 5249 14 16 V
1211 5252 22 13 or

708 5267 76 17 TOKIO
806 5272 6 12 :
834 5268 62 16 Street
918 5267 67 19 Singer
1008 5268 106 16 .Chanteur
1134 5268 24 16 de
1178 5269 59 16 rues).

731 5286 55 17 Anna
805 5287 74 18 Neagle.
898 5287 82 17 Enfants
999 5287 61 17 admis

1156 5308 33 16 (N»
1198 5308 41 16 1006

1300 3958 66 32 DES
1388 3957 150 32 PETITES
1560 3957 176 32 AFFAIRES

1279 4027 33 20 La
1323 4026 73 25 police
1409 4025 120 25 judiciaire
1541 4030 14 16 a
1568 4024 46 21 mis
1625 4024 15 21 à
1652 4025 23 20 la
1689 4024 84 24 disposi-

1253 4052 49 21 tion
1320 4053 30 20 de
1366 4051 121 22 l'auditeur
1505 4050 92 24 général
1613 4049 174 22 Jean-Antoine

1253 4078 114 21 Ruttlens.
1384 4077 30 21 né
1432 4082 29 15 en
1481 4077 56 21 1893.
1554 4076 171 24 entrepreneur,
1743 4079 42 17 rue

1254 4104 41 21 des
1310 4103 108 23 Coteaux,
1433 4103 33 22 25,
1482 4102 15 21 à
1512 4101 151 22 Salnt-Josse.

1281 4129 123 21 Conseiller
1422 4127 132 22 communal
1571 4127 89 23 .existe,
1678 4126 108 21 Ruttlens

1253 4154 77 22 s'était
1345 4153 90 22 déclaré
1451 4159 13 13 «
1480 4152 158 26 indépendant
1654 4158 12 13 »
1683 4157 31 16 en
1730 4152 43 24 jan-

1253 4179 48 21 vier
1315 4180 57 20 1940.

1281 4206 93 20 Comme
1388 4204 160 25 représentant
1560 4204 68 20 d'une
1640 4203 67 21 usine
1718 4203 55 20 fran-

1255 4231 66 24 çaise,
1347 4230 17 21 il
1388 4230 90 21 fournit
1501 4229 15 22 k
1541 4229 92 21 l'armée
1657 4228 129 21 allemande

1254 4256 126 21 d'énormes
1405 4255 116 25 quantités
1546 4255 29 20 de
1600 4254 109 23 couleurs,
1736 4257 36 17 em-

1254 4281 91 25 ployées
1358 4286 58 20 pour
1429 4281 22 21 le
1465 4280 149 24 camouflage.

1280 4307 94 25 D'après
1394 4311 37 17 ses
1451 4305 158 23 déclarations,
1629 4305 157 24 l'importance

1255 4333 41 21 des
1307 4333 120 20 livraisons
1438 4331 127 22 effectuées
1576 4331 36 21 est
1624 4331 28 21 de
1664 4331 82 20 l'ordre
1758 4330 27 21 de

1254 4359 25 20 21
1293 4358 101 21 millions
1406 4358 29 20 de
1446 4358 85 22 francs,
1543 4361 39 16 sur
1593 4356 97 25 lesquels
1703 4356 16 21 11
1732 4356 40 21 tou-

1254 4384 66 21 chait
1333 4388 47 16 une
1393 4383 146 21 commission
1553 4382 30 21 de
1596 4382 13 20 5
1623 4386 23 20 p.
1659 4386 20 16 c.
1693 4392 28 5 —
1735 4382 26 20 C.

1315 4459 45 32 LA
1377 4459 161 33 MONNAIE
1555 4459 44 31 EN
1615 4458 112 33 COURS

1281 4528 30 19 Le
1336 4527 120 20 Ministère
1480 4526 41 21 des
1545 4526 113 20 Finances
1682 4530 91 17 commu-

1254 4552 69 25 nique
1339 4556 5 16 :

1281 4583 12 13 «
1314 4578 33 20 La
1367 4576 63 21 seule
1449 4576 110 21 monnaie
1579 4575 38 25 qui
1638 4575 34 21 ait
1692 4576 94 24 pouvoir

1255 4602 132 21 libératoire
1397 4606 29 16 en
1438 4601 107 25 Belgique
1556 4601 36 20 est
1604 4601 22 20 le
1637 4601 68 20 franc
1716 4600 70 25 belge.

1255 4628 31 20 Le
1304 4631 67 17 cours
1390 4627 32 20 du
1440 4626 68 21 franc
1527 4626 103 22 français
1649 4626 36 20 est
1704 4625 47 21 fixé
1771 4625 14 21 à

1257 4653 37 20 100
1313 4653 40 20 frs.
1372 4652 104 23 français
1493 4655 58 21 pour
1569 4652 59 22 88,20
1645 4651 40 20 frs.
1703 4651 76 24 belges

1256 4678 60 20 Mais
1341 4677 34 21 les
1400 4677 77 20 billets
1502 4676 30 21 de
1557 4676 92 24 banque
1674 4675 57 21 émis
1756 4680 29 15 en

1256 4703 95 24 Prance,
1369 4702 45 20 soit
1432 4706 43 20 par
1494 4702 23 20 la
1536 4702 95 23 Banque
1651 4700 29 21 de
1698 4701 88 20 Prance

1257 4728 45 20 soit
1318 4732 43 20 par
1379 4727 33 21 les
1430 4726 111 28 autorité;
1559 4726 83 22 alliées,
1662 4726 65 20 n'ont
1744 4729 42 21 pas

1258 4757 66 16 cours
1337 4757 32 16 en
1383 4752 108 25 Belgique
1505 4752 26 20 et
1545 4755 31 16 ne
1589 4751 54 20 sont
1658 4755 43 20 pas
1715 4750 59 24 négo-

1258 4778 83 20 ciables
1353 4781 58 21 pour
1424 4777 22 20 le
1457 4777 104 20 moment
1572 4782 19 14 ».
1604 4785 27 5 —
1642 4776 29 20 R.

765 5357 58 21 Les
843 5358 119 20 autres
981 5357 207 23 Attractions

712 5416 69 16 BŒCF
796 5416 45 16 SCR
856 5416 27 16 LE
897 5416 63 17 TOIT.
974 5416 49 19 Soir.
1038 5417 11 16 »
1063 5416 22 16 J0
1099 5417 18 16 h.
1132 5417 43 16 Dlm
1195 5419 11 15 4
1220 5418 14 16 h

711 5436 28 16 EL
757 5435 114 16 ESCORIAL
889 5436 149 16 Cabaret-Danc.
1059 5436 26 16 tS.
1103 5440 15 11 r.
1126 5436 113 17 Cb.ralf.rs.

710 5455 29 17 LA
758 5455 114 16 CAPITALE
892 5459 6 12 :
918 5455 29 17 US
966 5456 126 16 CHANTEUR
1111 5457 57 16 SANS
1188 5457 52 17 NOU

820 5474 53 17 MAX
896 5474 72 17 EDDIE
991 5475 20 16 eC
1035 5475 65 17 VlVEl
1100 5476 6 8 '
1106 5476 27 16 lE

733 5495 15 15 A
761 5494 62 19 partir
835 5493 26 16 du
875 5494 20 15 18
904 5498 5 12 :
924 5494 91 17 ALBERT
1028 5494 110 17 ESPAGNE.

711 5514 25 16 Le
750 5513 98 17 Cootract.
862 5513 28 17 30.
898 5516 15 13 r.
921 5514 12 15 d
940 5513 118 19 Edimbourg.
1067 5514 50 16 Rest.
1126 5515 108 16 Cab.-Danc

713 5534 98 15 L'HEL'RE
828 5533 80 18 BLEL'E,
924 5533 17 18 3.
958 5536 34 13 roe
1007 5533 24 16 de
1047 5533 91 19 l'Erèque.
1155 5534 85 17 DanclnB

732 5553 24 16 de
777 5553 20 16 lt
818 5553 11 16 t
851 5552 20 16 33
893 5552 72 17 heures.
987 5553 76 16 ERNST
1083 5553 47 17 VAN
1149 5554 22 16 T
1193 5555 48 16 HOF

732 5574 20 14 et
769 5575 22 13 sa
809 5572 72 19 grande
898 5572 110 17 formation.

712 5591 80 17 PALAIS
812 5591 129 18 BAUDOUIN.
961 5592 20 16 11
995 5591 24 16 eh
1033 5592 95 16 d'Anvers.
1149 5592 85 19 Dancing

711 5610 49 19 PAL.
774 5612 101 15 LEVRIER
887 5614 76 14 courses
975 5611 11 16 3
999 5611 73 20 heures,
1086 5611 16 19 3,
1116 5614 34 14 rue
1162 5611 78 19 Erèque.

1186 5630 58 21 (MM

1273 4850 495 50 MONITEUR

1818 650 32 20 M.
1868 650 28 20 G.
1912 649 86 23 Bultot,
2016 649 29 22 de
2060 648 128 24 Peplnster,
2203 648 36 20 est
2254 646 69 26 peut-

1793 674 50 21 être
1853 675 20 20 le
1885 674 97 24 premier
1992 673 75 21 soldat
2078 673 63 24 belge
2152 677 30 16 en
2192 676 81 19 armes,
2285 671 40 24 qui

1795 699 34 20 ait
1843 698 61 21 foulé
1919 699 22 20 le
1953 698 35 21 sol
2002 698 31 21 du
2047 697 79 21 Reich.

1819 724 139 20 Lieutenant
1967 723 30 21 de
2008 723 95 22 réserve,
2115 723 31 19 M.
2159 722 85 22 Bultot,
2257 720 67 26 après

1795 749 63 20 avoir
1875 748 111 24 participé
2005 748 15 21 k
2044 747 118 21 Bruxelles
2185 747 15 20 à
2225 747 99 20 diverses

1795 774 88 20 actions
1901 773 28 20 de
1946 773 24 21 la
1986 772 130 25 résistance,
2134 772 72 24 partit
2222 775 58 20 pour
2298 775 26 16 sa

1795 798 52 22 ville
1859 797 79 22 natale
1950 803 31 15 en
1993 797 133 25 compagnie
2140 797 54 21 d'un
2208 795 116 22 maréchal

1795 823 39 21 des
1846 823 62 24 logis.

1820 849 34 20 Ce
1873 848 90 21 dernier
1988 847 77 21 devait
2083 846 55 24 être,
2156 851 31 16 en
2213 845 113 22 revenant

1796 873 57 20 dans
1879 877 45 16 une
1950 872 88 21 voiture
2062 871 145 22 américaine,
2234 870 92 21 victime

1796 898 66 20 d'une
1884 898 94 23 attaque
1999 897 128 21 allemande
2148 898 25 20 et
2193 896 32 20 M.
2246 895 80 21 Bultot

1796 923 58 20 n'est
1865 927 42 20 pas
1918 926 88 19 encore,
2018 921 15 21 k
2044 921 86 21 l'heure
2142 921 103 23 actuelle,
2256 924 56 16 exac-

1797 948 88 20 tement
1899 947 47 20 fixé
1959 951 41 16 sur
2013 951 43 16 son
2070 947 55 20 sort.

1821 972 70 21 Notre
1919 972 129 20 lieutenant
2075 976 59 15 nous
2161 970 95 21 raconte
2284 974 42 16 son

1797 1001 90 20 voyage,
1897 1001 58 16 nous
1965 996 64 25 parle
2041 997 27 21 de
2078 995 74 25 Liège,
2164 996 28 21 de
2201 999 37 17 sss
2248 995 78 20 ruines

1796 1024 25 18 et
1830 1022 29 20 de
1869 1027 38 15 ses
1917 1021 150 26 souffrances,
2078 1026 57 15 nous
2146 1021 35 20 dit
2193 1021 21 20 le
2225 1020 101 23 martyre

1797 1047 28 20 de
1837 1047 25 20 40
1875 1047 80 24 Jeunes
1968 1051 62 20 gens,
2041 1045 76 22 brûlés
2130 1046 44 20 vifs
2186 1050 42 19 par
2241 1045 32 20 les
2285 1045 42 20 SS.

1797 1076 30 16 au
1839 1071 100 21 château
1949 1072 31 21 de
1991 1070 73 24 Forêt,
2076 1071 24 20 la
2111 1070 102 23 tragédie
2225 1070 32 20 du
2269 1069 45 21 châ-

1797 1098 54 19 teau
1860 1096 29 21 de
1900 1096 86 23 Sohan,
1997 1096 38 24 qui
2045 1096 58 21 n'est
2114 1095 52 24 plus
2176 1099 43 20 que
2226 1094 101 22 cendres,

1797 1124 23 19 et
1838 1121 30 21 où
1886 1121 101 24 périrent
2004 1121 41 20 dix
2061 1120 127 22 habitants,
2206 1120 57 20 dont
2280 1123 47 16 une

1797 1146 84 20 enfant
1909 1146 28 20 de
1965 1146 34 20 six
2028 1150 48 18 ans,
2103 1146 26 19 et
2156 1145 52 23 sept
2236 1145 91 21 Russes,

1797 1170 129 21 l'héroïsme
1946 1171 29 20 de
1996 1171 59 20 deux
2078 1171 77 19 autres
2176 1170 84 20 Russes
2281 1169 46 24 qui,

1798 1195 51 25 près
1861 1196 30 20 de
1902 1195 23 21 la
1937 1200 56 19 gare
2004 1197 28 20 de
2045 1195 119 24 Peplnster
2177 1194 152 21 entièrement

1798 1220 82 23 brûlée,
1896 1220 124 21 sauvèrent
2036 1221 52 19 tout
2105 1224 32 16 un
2155 1219 49 20 bloc
2222 1219 29 20 de
2267 1218 49 21 mal-

1797 1250 54 16 sons
1867 1245 29 20 de
1911 1245 23 21 la
1950 1244 146 21 destruction.

1823 1270 103 23 Partout,
1937 1271 78 23 quand
2026 1274 30 16 on
2068 1273 86 17 avance
2166 1273 51 16 vers
2227 1268 56 23 l'est,
2295 1268 33 20 les

1798 1295 152 20 destructions
1978 1299 26 16 se
2032 1294 146 25 multiplient,
2207 1294 59 20 mais
2295 1293 33 20 les

1798 1320 91 20 convois
1904 1319 136 21 américains
2054 1321 53 20 sont
2121 1318 82 24 légion,
2217 1318 40 24 qui
2272 1322 44 16 con-

1799 1346 93 22 vergent
1906 1349 51 16 vers
1971 1344 22 20 le
2007 1344 79 21 Reich.

1824 1371 20 18 A
1853 1369 197 24 Winamplanche,
2061 1369 33 20 les
2106 1369 87 20 Boches
2204 1368 43 20 ont
2252 1367 77 22 fusillé

1799 1394 55 20 trois
1872 1398 123 20 personnes
2011 1397 25 19 et
2054 1393 104 21 incendié
2176 1397 46 16 une
2238 1393 90 20 dizaine

1799 1419 28 20 de
1846 1419 106 20 maisons.
1977 1419 104 22 Ailleurs,
2108 1418 67 25 après
2195 1417 63 21 avoir
2284 1417 46 21 fait

1800 1444 163 22 -Kamarad».
2000 1444 28 20 ils
2063 1443 42 21 ont
2141 1442 189 21 traîtreusement

1799 1468 82 21 abattu
1895 1468 36 21 six
1947 1468 119 21 Sammles.
2083 1468 102 23 Partout,
2201 1472 31 16 on
2250 1468 79 20 trouve

1799 1494 39 20 des
1851 1493 141 21 habitations
2005 1492 125 24 saccagées,
2142 1492 188 20 manifestations

1800 1519 51 24 trop
1872 1522 101 17 connues
2001 1518 29 21 de
2052 1518 23 20 la
2105 1525 8 9 «
2123 1516 187 22 Schadenfreude

1799 1543 152 24 germanique.

1827 1569 33 19 Au
1873 1572 65 16 cours
1951 1568 29 20 de
1993 1567 22 22 la
2027 1567 53 23 nuit
2091 1566 80 25 passée
2183 1566 15 21 k
2210 1566 120 25 Peplnster

1800 1597 42 20 par
1855 1593 33 21 M.
1902 1592 86 27 Bultot,
2004 1593 46 23 Spa
2064 1592 25 20 et
2104 1592 104 20 Verviers
2222 1592 43 20 ont
2279 1591 50 21 subi

1801 1622 31 16 un
1846 1617 189 21 bombardement
2049 1616 77 22 aérien
2140 1617 40 24 qui
2195 1616 37 21 fut
2245 1616 73 25 proba-

1801 1642 99 20 blement
1914 1643 21 20 le
1949 1642 89 20 dernier
2052 1641 100 21 effectué
2165 1646 43 20 par
2221 1641 33 21 les
2268 1641 49 20 Alle-

1800 1667 88 21 mands.

1816 1700 45 23 Un
1881 1699 99 24 détour
1999 1704 51 24 par
2070 1698 242 29 Aix-la-Chapelle

1825 1739 32 20 Le
1874 1738 137 23 lendemain,
2028 1742 31 16 au
2075 1737 54 25 pied
2145 1737 29 22 de
2192 1737 23 20 la
2233 1736 51 21 cite
2301 1736 29 21 de

1800 1763 72 24 Mont,
1890 1763 67 21 notre
1976 1762 90 21 officier
2085 1762 44 21 fait
2147 1762 29 21 de
2194 1761 136 25 l'auto-stop

1801 1791 56 19 pour
1874 1791 86 21 gagner
1974 1788 74 24 Liège.
2065 1788 38 22 Dn
2120 1786 129 21 Américain
2265 1787 52 20 l'em-

1801 1813 65 20 mène
1878 1813 59 21 dans
1949 1813 23 20 la
1986 1821 9 9 »
2004 1812 50 21 Cité
2067 1812 102 20 Ardente
2176 1820 8 9 »
2199 1816 31 16 en
2242 1811 88 21 faisant

1801 1842 31 16 un
1842 1837 82 22 détour
1934 1842 66 21 par...
2013 1837 207 24 Aix-la-Chapelle,
2232 1836 29 21 où
2272 1836 46 25 l'ap-

1801 1863 58 24 pelle
1872 1867 46 17 une
1931 1863 100 20 mission.

1826 1888 20 19 A
1856 1887 122 24 Stembert,
1990 1887 146 22 Hévremont,
2148 1886 56 25 Goé,
2216 1887 85 23 Eupen,
2312 1886 19 20 il

1801 1917 14 20 y
1826 1917 14 16 a
1851 1917 44 20 peu
1905 1912 31 21 de
1947 1912 82 20 monde
2041 1912 58 20 dans
2110 1912 33 20 les
2153 1915 59 20 rues,
2223 1911 108 25 quelques

1801 1937 117 24 drapeaux
1932 1941 47 16 aux
1995 1936 106 24 fenêtres,
2117 1937 59 20 mals
2192 1941 47 16 une
2254 1936 77 20 marée

1801 1962 27 21 de
1840 1962 37 21 fer
1887 1964 26 20 et
1922 1962 85 21 d'acier
2017 1962 39 24 qui
2069 1960 86 23 déferle
2166 1966 51 17 vers
2229 1961 23 21 la
2264 1961 54 20 fron-

1802 1987 62 21 tière.

1826 2012 33 20 La
1871 2012 89 20 voiture
1972 2011 138 21 américaine
2120 2010 95 25 pénètre
2227 2011 59 21 dans
2298 2011 33 20 les

1802 2036 123 24 faubourgs
1935 2036 223 24 d'Aix-la-Chapelle
2169 2035 30 21 où
2209 2036 32 22 M.
2251 2036 81 20 Bultot

1802 2062 55 23 peut
1869 2061 118 21 constater
1999 2061 55 24 qu'il
2067 2061 38 24 n'y
2119 2065 15 16 a
2148 2065 42 20 pas
2202 2061 30 20 de
2246 2060 86 24 grands

1801 2086 85 24 dégâts,
1902 2086 53 20 bien
1970 2087 68 23 qu'on
2054 2090 25 16 se
2094 2086 65 20 batte
2173 2090 83 16 encore
2272 2086 59 20 dans

1803 2116 44 15 une
1859 2111 75 24 partie
1946 2111 30 20 de
1989 2111 24 20 la
2025 2111 59 20 ville.

1827 2136 60 19 Tous
1897 2136 33 20 les
1941 2136 72 20 volets
2023 2136 53 20 sont
2087 2135 85 21 baissés
2183 2135 24 21 et
2217 2135 114 20 certaines

1802 2161 99 20 maisons
1913 2161 110 21 arborent
2034 2162 39 20 des
2086 2161 117 23 drapeaux
2215 2160 79 21 blancs
2307 2160 24 20 et

1801 2185 74 20 même
1891 2185 42 21 des
1949 2185 93 20 fanions
2060 2189 86 19 ronces.
2164 2185 48 21 Peu
2230 2185 28 21 de
2275 2189 43 20 pas-

1801 2211 71 22 sants,
1888 2210 40 24 qui
1944 2215 31 17 ne
1991 2210 130 25 paraissent
2136 2214 43 20 pas
2196 2209 92 21 réaliser
2304 2214 27 16 ce

1801 2235 38 24 qui
1860 2235 50 21 leur
1931 2235 75 20 arrive
2027 2236 25 19 et
2071 2234 114 21 semblent
2205 2234 80 21 ahuris
2306 2235 25 20 et

1801 2259 101 25 apeurés.

1826 2285 37 20 Au
1876 2285 84 25 retour,
1975 2284 23 21 la
2013 2284 88 21 voiture
2117 2284 77 24 croise,
2209 2283 16 21 â
2240 2284 91 23 l'Infini,

1801 2309 44 20 de^
1853 2310 91 19 convois
1955 2309 30 21 de
1997 2308 95 24 blindés,
2098 2309 30 20 de
2135 2309 74 22 tanks,
2216 2309 28 20 de
2257 2308 74 25 pièces

1802 2333 136 25 d'artillerie,
1950 2334 30 20 de
1994 2335 101 19 camions
2111 2333 28 21 de
2153 2334 178 20 ravitaillement

1801 2359 24 20 et
1846 2358 66 21 hélas
1921 2360 6 19 !
1951 2358 177 22 d'ambulances.
2150 2358 182 24 L'organisation

1802 2383 28 21 de
1844 2388 27 16 ce
1884 2383 69 21 défilé
1967 2385 36 19 est
2016 2383 131 24 magistrale
2161 2384 25 20 et
2199 2383 24 21 la
2237 2383 95 20 marche

1802 2409 39 20 des
1856 2407 76 22 unités
1947 2408 119 21 s'elfectue
2082 2408 59 21 dans
2155 2413 33 16 un
2203 2408 66 21 ordre
2285 2408 33 20 im-

1802 2433 111 24 peccable.

1826 2459 21 19 A
1860 2457 135 25 Louvelgné,
2010 2458 76 21 trente
2101 2457 87 21 blindés
2204 2457 127 21 allemands

1801 2483 42 21 ont
1857 2482 64 22 tenté
1936 2483 119 24 d'enrayer
2069 2483 102 21 l'avance
2187 2484 39 20 des
2242 2482 76 21 Améri-

1802 2508 63 20 cains
1879 2507 14 21 à
1907 2508 38 24 qui
1958 2508 28 20 ils
2000 2509 41 19 ont
2053 2507 87 21 détruit
2154 2508 59 21 deux
2226 2507 68 21 chars
2306 2508 25 19 et

1802 2533 59 20 deux
1879 2532 111 25 camions;
2012 2532 59 21 mais
2089 2532 14 21 k
2122 2532 23 21 ls
2164 2533 92 25 riposte,
2274 2533 57 20 trois

1802 2558 87 20 d'entre
1908 2562 45 16 eux
1972 2559 42 19 ont
2033 2557 37 21 été
2088 2557 99 21 détruits
2206 2558 25 20 et
2250 2558 81 24 quatre

1802 2582 167 24 endommagés.
1980 2583 44 20 Les
2036 2583 78 20 autres
2126 2583 42 20 ont
2180 2582 60 21 fui...

1826 2607 34 21 La
1874 2607 36 20 fin
1925 2607 31 21 du
1971 2611 85 20 voyage
2069 2607 60 21 n'est
2143 2607 108 25 marquée
2266 2607 52 20 d'au-

1801 2637 46 16 cun
1857 2632 104 22 Incident
1970 2631 100 25 notable,
2081 2634 25 20 et
2115 2631 82 21 n'était
2208 2632 22 20 le
2240 2631 92 25 pénible

1802 2657 105 20 accident
1925 2661 100 16 survenu
2044 2656 16 22 k
2078 2661 42 16 son
2138 2661 144 20 compagnon
2302 2657 29 20 de

1802 2681 87 25 départ,
1908 2682 32 20 M.
1959 2681 80 21 Bultot
2056 2681 102 21 n'aurait
2176 2681 107 21 conservé
2302 2681 29 21 de

1801 2711 43 16 son
1868 2710 84 20 voyage
1977 2711 44 20 que
2044 2706 146 21 d'excellents
2213 2707 118 20 souvenirs

1802 2733 24 19 et
1842 2731 23 21 la
1881 2731 119 21 sensation
2016 2731 86 21 d'avoir
2118 2730 56 23 vécu
2191 2731 41 21 des
2248 2731 83 21 heures

1802 2755 112 25 d'épopée.
1926 2766 28 5 —
1965 2756 29 21 H.
2006 2756 29 21 H.

1849 2788 45 24 Un
1909 2794 125 23 message
2049 2794 55 18 aux
2120 2788 162 24 Allemands

1827 2828 33 20 Le
1877 2827 157 25 porte-parole
2053 2828 31 20 du
2104 2827 58 21 haut
2183 2827 134 21 commande-

1802 2853 65 21 ment
1884 2852 114 22 interallié
2014 2853 54 20 s'est
2084 2852 98 23 adressé,
2198 2852 57 24 hier,
2273 2856 57 20 pour

1802 2878 23 20 la
1842 2878 112 24 première
1971 2878 51 23 fois,
2039 2878 150 20 directement
2206 2882 45 16 aux
2268 2877 50 21 Alle-

1802 2903 89 21 mands.
1908 2904 48 20 Son
1974 2908 101 19 message
2092 2903 59 21 était
2166 2902 165 25 spécialement

1803 2929 87 19 destiné
1905 2933 45 16 aux
1963 2928 119 21 habitants
2097 2928 28 21 de
2139 2928 148 24 l'Allemagne
2302 2928 28 20 de

1802 2953 87 20 l'Ouest
1902 2953 24 21 et
1939 2954 32 20 du
1983 2953 140 21 Sud-Ouest.

1827 2979 44 20 Les
1893 2978 132 20 Allemands
2047 2978 54 20 sont
2124 2977 112 25 prévenus
2260 2978 70 24 qu'un

1802 3003 178 24 gouvernement
1996 3003 108 21 militaire
2121 3002 52 22 allié
2190 3002 140 23 fonctionne,

1802 3028 40 21 dès
1855 3028 15 22 k
1883 3028 99 25 présent,
1995 3028 59 21 dans
2067 3028 33 21 les
2111 3028 90 24 régions
2215 3027 114 25 occupées.

1802 3054 33 20 Ce
1854 3054 178 24 gouvernement
2051 3053 54 21 s'est
2126 3052 79 25 arrogé
2226 3053 52 20 tous
2297 3052 34 21 les

1802 3078 105 25 pouvoirs
1919 3078 127 25 législatifs,
2059 3078 112 21 exécutifs
2184 3078 26 21 et
2222 3077 95 26 Judiciai-

1802 3108 42 17 res.

1827 3128 85 21 Toutes
1926 3128 33 21 les
1974 3128 167 25 organisations
2157 3128 31 21 du
2202 3128 61 25 parti
2277 3128 53 21 nazi

1802 3154 54 20 sont
1877 3154 120 23 dissoutes;
2022 3154 51 20 tous
2095 3154 33 20 les
2150 3153 180 21 fonctionnaires

1803 3179 62 21 nazis
1876 3180 54 19 sont
1940 3178 99 24 éloignés
2052 3179 28 21 de
2092 3179 48 20 leur
2153 3179 71 24 poste.
2233 3189 27 5 —
2272 3179 27 20 N.
2305 3178 25 21 E.

1915 3211 53 24 Sur
1984 3211 26 24 le
2026 3211 77 24 front
2119 3211 99 23 italien

1827 3250 108 23 Londres,
1955 3250 24 20 19
1997 3250 128 25 septembre
2145 3250 35 22 (B.
2199 3250 26 20 B.
2242 3249 45 23 C).
2304 3257 24 6 —

1805 3277 62 19 Dans
1883 3275 22 21 le
1923 3276 89 20 secteur
2028 3275 30 21 de
2075 3275 25 21 la
2116 3274 175 24 Méditerranée,
2309 3274 23 20 le

1803 3305 65 20 corps
1881 3300 198 25 expéditionnaire
2093 3299 107 22 brésilien
2214 3300 37 20 est
2265 3299 65 21 entré

1803 3330 30 16 en
1847 3325 85 21 action.

1829 3351 64 20 Dans
1917 3350 21 21 le
1962 3351 89 20 secteur
2074 3350 30 20 de
2127 3349 156 25 l'Adriatique,
2307 3349 25 20 la

1804 3375 110 21 huitième
1934 3375 78 21 armée
2032 3375 92 20 combat
2144 3379 58 21 pour
2223 3374 33 21 les
2278 3374 41 20 der-

1804 3400 75 21 nières
1898 3399 73 22 crêtes
1990 3400 38 25 qui
2047 3400 122 21 dominent
2187 3400 25 20 la
2230 3399 53 21 ville
2303 3399 29 20 de

1804 3426 92 22 Rimini,
1926 3425 102 21 distante
2058 3424 128 21 seulement
2215 3424 30 21 de
2274 3424 57 20 trois

1804 3450 136 21 __lomètres.
1955 3459 27 5 —
1996 3450 27 21 N.
2038 3450 24 20 E.

1901 3482 53 24 Sur
1971 3483 26 23 le
2016 3482 78 24 front
2112 3482 35 24 de
2165 3482 68 24 l'Est

1829 3521 107 23 Londres,
1956 3521 24 20 19
1997 3521 129 23 septembre
2145 3521 36 22 (B.
2199 3521 26 20 B.
2242 3520 46 23 C).
2306 3529 25 6 —

1829 3547 45 20 Sur
1891 3546 22 20 le
1929 3546 66 20 front
2011 3546 29 20 de
2057 3546 25 21 la
2098 3545 112 24 Baltique,
2228 3545 23 21 le
2267 3549 52 16 com-

1805 3570 107 26 muniqué
1943 3575 65 16 russe
2039 3570 89 25 signale
2159 3568 30 23 de
2220 3570 111 20 violentes

1804 3596 198 24 contre-attaques
2025 3595 142 21 allemandes
2190 3595 15 21 à
2228 3595 51 21 l'est
2302 3594 29 20 de

1804 3621 101 24 jelgava.

1829 3646 44 20 Les
1890 3645 133 21 Allemands
2040 3645 92 25 parlent
2150 3645 104 24 toujours
2271 3644 49 21 d'of-

1803 3671 88 20 fensive
1902 3675 65 16 russe
1979 3670 29 22 de
2018 3670 75 25 grand
2105 3670 57 25 style
2175 3674 31 17 en
2218 3669 113 21 direction

1803 3695 29 21 de
1845 3695 66 25 Riga.

1829 3721 65 20 Dans
1925 3720 23 21 le
1976 3720 89 21 secteur
2094 3719 30 21 de
2154 3719 114 24 Varsovie,
2297 3719 34 21 les

1805 3746 93 24 troupes
1919 3745 129 25 polonaises
2068 3745 29 21 de
2119 3744 126 21 l'intérieur
2267 3744 51 20 atta-

1804 3770 72 25 quent
1893 3774 32 16 en
1944 3769 148 25 coopération
2111 3774 55 16 avec
2185 3769 34 21 les
2238 3765 94 28 troupes

1804 3799 75 16 russes
1899 3794 119 22 Installées
2040 3795 60 20 dans
2121 3794 24 21 le
2166 3794 114 24 faubourg
2302 3793 30 21 de

1804 3821 80 23 Praga.
1898 3820 60 20 Elles
1970 3821 43 19 ont
2026 3820 21 20 le
2060 3820 91 20 soutien
2163 3819 31 20 de
2205 3818 126 21 l'artillerie

1804 3850 69 15 russe.

1830 3871 45 19 Des
1889 3870 135 20 forteresses
2039 3869 103 21 volantes
2158 3869 86 24 parties
2259 3868 60 21 d'An-

1803 3895 98 24 gleterre
1926 3895 43 20 ont
1994 3894 126 25 parachuté
2146 3893 51 21 hier
2221 3893 98 25 d'impor-

1804 3920 77 20 tantes
1902 3919 116 25 quantités
2039 3920 97 20 d'armes
2157 3919 24 21 et
2201 3919 29 20 de
2251 3918 80 21 vivres.

1803 3945 154 20 Poursuivant
1972 3944 49 20 leur
2035 3945 73 22 route,
2124 3944 33 20 les
2173 3944 80 20 avions
2267 3943 64 21 alliés

1803 3970 54 20 sont
1873 3969 56 21 allés
1947 3969 94 21 atterrir
2057 3974 31 15 en
2104 3968 88 21 Russie.

1828 3994 96 24 Progrès
1936 3998 74 16 russes
2021 3994 107 20 continus
2139 3993 59 21 dans
2209 3993 33 21 les
2253 3993 79 21 autres

1803 4019 101 20 secteurs
1918 4019 33 20 du
1964 4019 71 20 front.
2050 4028 27 5 —
2091 4019 27 20 N.
2132 4019 24 20 E.

1820 4051 158 24 Antonescu
1996 4051 44 24 est
2056 4050 68 25 livré
2142 4056 55 18 aux
2213 4051 102 23 Russes

1828 4090 108 24 Londres,
1955 4090 25 21 19
1997 4090 128 25 septembre
2146 4090 36 21 (B.
2199 4090 27 20 B.
2244 4089 45 22 O.
2305 4100 29 5 —

1804 4116 32 20 La
1847 4115 66 20 radio
1923 4115 30 20 de
1963 4115 93 21 Moscou
2068 4114 88 25 signale
2167 4118 45 21 que
2221 4115 24 20 le
2255 4114 65 21 maré-

1803 4140 53 21 chal
1870 4140 138 23 Antonescu,
2023 4144 43 16 son
2081 4139 62 21 frère
2158 4140 85 21 Michel
2258 4140 62 20 Anto-

1803 4169 70 16 nescu
1888 4165 26 20 et
1928 4165 52 24 sept
1995 4165 78 21 autres
2089 4168 131 21 personnes,
2237 4164 58 21 dont
2311 4165 22 20 le

1804 4191 39 20 Dr.
1860 4189 98 25 Clodlus,
1975 4190 22 20 le
2012 4189 88 21 célèbre
2115 4189 81 25 expert
2211 4189 53 21 nazi
2280 4189 40 25 spé-

1803 4215 77 21 cialisé
1902 4215 59 21 dans
1982 4215 33 20 les
2037 4214 115 25 questions
2175 4214 158 25 économiques

1803 4240 140 21 intéressant
1972 4240 33 21 les
2034 4239 108 23 Balkans,
2173 4239 60 21 ainsi
2263 4239 70 25 qu'un

1803 4265 83 21 ancien
1899 4265 165 20 commandant
2076 4264 30 20 de
2119 4264 107 21 Varsovie
2240 4264 43 20 ont
2296 4263 37 21 été

1803 4290 69 21 remis
1886 4294 46 17 aux
1946 4290 93 24 troupes
2053 4293 81 16 russes.

1829 4315 84 21 Toutes
1928 4319 37 16 ces
1979 4318 125 21 personnes
2117 4314 54 21 sont
2185 4313 147 25 susceptibles

1802 4340 30 21 de
1845 4340 87 25 figurer
1945 4344 40 16 sur
1997 4340 34 20 les
2044 4339 63 21 listes
2121 4339 40 20 des
2175 4338 116 21 criminels
2303 4338 29 20 de

1803 4369 87 21 guerre.
1905 4375 28 5 —
1947 4365 27 20 N.
1989 4365 25 20 E.

1836 4398 37 23 M.
1891 4398 142 23 Churchill
2050 4402 18 18 a
2084 4395 89 29 quitté
2189 4394 110 30 Québec

1829 4436 108 23 Londres,
1956 4436 24 20 19
1998 4435 129 24 septembre
2147 4435 36 20 (B.
2201 4435 26 20 B.
2246 4434 44 21 C).
2306 4445 27 4 —

1803 4462 32 20 M.
1855 4461 107 20 Winston
1983 4459 118 22 Churchill
2127 4463 15 17 a
2169 4458 79 26 quitté,
2275 4458 58 24 hier,

1803 4486 91 24 Québec
1906 4489 58 21 pour
1975 4489 46 17 une
2033 4484 142 21 destination
2187 4484 121 20 Inconnue.

1829 4511 32 21 M.
1876 4510 110 24 Anthony
1998 4510 71 23 Eden,
2083 4509 106 20 ministre
2201 4508 41 21 des
2256 4509 65 20 Affai-

1806 4540 37 16 res
1858 4534 139 25 étrangères,
2011 4535 36 20 est
2062 4533 77 21 rentré
2155 4533 15 21 k
2185 4533 108 20 Londres.
2308 4542 27 6 —

1803 4561 28 20 N.
1843 4561 25 20 E.

1900 4586 162 24 Elndhoven
2077 4585 43 23 est
2136 4582 101 26 libérée

1831 4627 31 20 Le
1873 4624 179 25 correspondant
2063 4624 29 21 de
2101 4624 24 20 la
2137 4624 26 20 B.
2173 4624 27 20 B.
2211 4624 25 20 C.
2247 4623 15 21 k
2272 4625 48 20 Bru-

1805 4651 76 23 xelles,
1904 4650 104 24 Stephen
2034 4649 169 24 McMerphson,
2228 4652 105 17 annonce

1807 4680 43 21 que
1868 4676 25 20 la
1910 4675 54 21 ville
1980 4674 158 22 d'Elndhoven
2156 4678 15 16 a
2189 4673 37 21 été
2245 4672 90 22 libérée.

1805 4712 27 4 —
1844 4700 59 22 N.B.

1837 4733 45 24 Un
1897 4732 142 24 armistice
2055 4730 247 25 russo-finlandais

1832 4773 33 21 La
1879 4772 26 21 B.
1918 4772 27 20 B.
1958 4773 26 19 C.
1998 4770 102 26 apprend
2113 4770 29 21 de
2156 4771 94 20 Moscou
2263 4771 70 24 qu'un

1806 4796 115 22 armistice
1938 4801 14 16 a
1969 4796 37 22 été
2023 4795 63 26 signé
2104 4799 55 17 avec
2175 4795 23 21 la
2213 4795 120 21 Finlande.

1806 4833 27 5 —
1843 4822 59 21 N.E.

2369 462 86 20 MOTO
2473 461 120 22 CONTRE
2608 461 89 21 AUTO.
2712 470 28 6 —
2754 461 54 20 Une
2823 459 36 22 col-

2342 486 69 21 lision
2431 486 55 20 s'est
2506 486 107 24 produite
2634 486 52 20 hier
2707 486 53 23 soir,
2782 488 89 17 avenue

2343 511 93 22 Chazal,
2454 510 15 21 â
2486 511 151 23 Schaerbeek,
2654 511 66 20 entre
2738 514 48 17 une
2803 510 56 19 auto-

2343 536 83 20 mobile
2442 536 25 20 et
2482 535 22 21 le
2520 536 157 24 motocycliste
2693 536 78 20 Pierre
2786 534 85 21 Verbe-

2343 561 43 21 len,
2403 560 138 21 demeurant
2556 565 42 16 rue
2613 560 127 21 Godefrold
2755 560 85 22 Kurth,
2857 559 15 20 à

2343 586 77 19 Evere.
2436 586 33 20 Ce
2484 585 90 20 dernier
2591 586 37 20 fut
2641 585 74 21 relevé
2730 584 72 21 blessé
2818 584 15 20 â
2848 584 24 20 la

2345 609 54 21 tête.
2417 610 20 21 H
2454 615 16 16 a
2487 609 37 22 été
2541 610 131 25 transporté
2689 610 17 21 k
2723 609 104 24 l'hôpital
2845 608 30 21 de

2344 635 149 20 Schaerbeek.
2509 644 28 5 —
2552 635 28 20 D.

2371 673 172 21 RENVERSEE
2557 673 58 20 PAR
2627 673 60 21 UNE
2701 672 87 21 AUTO.
2801 681 28 5 —
2840 671 33 22 La

2344 697 105 21 nommée
2467 697 124 21 Catherine
2609 697 152 25 Schoonjans,
2779 696 82 21 demeu-

2344 723 56 21 rant
2415 723 32 23 47,
2464 726 88 17 avenue
2567 723 94 23 Bracke,
2678 722 14 21 à
2709 716 133 28 Crainhem,
2859 725 15 16 a

2344 747 37 21 été
2395 747 120 20 renversée
2528 751 42 19 par
2583 751 46 16 une
2643 747 61 23 auto,
2718 746 15 21 à
2747 745 85 24 l'angle
2844 745 30 21 de

2344 773 25 20 la
2387 772 66 24 place
2472 772 76 24 Dailly
2565 772 25 20 et
2608 772 30 20 de
2656 772 104 21 l'avenue
2780 770 93 22 Chazal.

2344 797 34 20 La
2393 797 93 20 victime
2503 801 15 16 a
2535 801 45 15 une
2598 797 103 22 fracture
2718 796 14 21 k
2749 796 25 21 la
2789 795 84 25 Jambe.

2345 822 48 20 Elle
2423 826 15 16 a
2466 821 37 21 été
2532 821 108 21 conduite
2667 822 15 20 à
2710 820 106 26 l'hôpital
2845 819 30 21 de

2345 846 150 21 Schaerbeek.
2508 856 27 5 —
2548 847 27 20 D.

2372 885 87 20 MORT
2478 885 77 20 DANS
2576 885 36 20 SA
2630 884 151 21 CHAMBRE.
2799 893 29 6 —
2844 883 32 20 Le

2345 909 92 21 nommé
2451 910 98 24 Jacques
2561 909 60 23 W...,
2635 909 42 24 âgé
2690 909 29 20 de
2731 909 25 20 39
2769 912 50 19 ans,
2833 907 29 21 de-

2345 935 109 19 meurant
2475 938 88 16 avenue
2584 934 60 20 Jean
2665 933 114 26 Dubrucq,
2801 937 16 17 a
2837 931 38 22 été

2346 958 80 22 trouvé
2448 958 15 21 à
2486 959 66 20 l'état
2574 959 29 20 de
2625 958 99 21 cadavre
2747 958 59 21 dans
2829 961 46 16 une

2346 984 110 20 chambre
2469 984 30 21 de
2512 983 138 21 l'Immeuble
2664 984 96 24 portant
2773 983 23 21 le
2808 985 28 18 n»
2850 983 26 20 17

2346 1009 29 20 de
2386 1009 24 20 la
2422 1013 40 16 rue
2474 1009 115 20 Watteau.
2601 1009 31 19 Le
2643 1012 67 21 corps
2721 1013 16 16 a
2748 1007 37 21 été
2797 1009 65 19 trans-

2346 1033 66 25 porté
2427 1038 31 16 au
2471 1033 70 25 dépôt
2555 1033 132 21 mortuaire.
2700 1043 28 5 —
2741 1034 28 20 D.

2374 1072 149 21 ACCIDENT
2535 1072 39 20 DE
2586 1071 157 21 CYCLISME.
2754 1081 28 6 —
2792 1072 33 20 Le
2837 1075 27 20 cy-

2347 1096 65 21 cliste
2426 1097 61 20 Jean
2502 1097 54 22 Q...,
2572 1096 41 23 âgé
2629 1095 30 21 de
2676 1097 23 20 19
2715 1101 50 19 ans,
2780 1096 83 20 demeu-

2347 1121 55 21 rant
2419 1125 87 17 avenue
2523 1122 51 19 Van
2591 1120 100 24 Volxem,
2707 1120 15 21 à
2738 1121 86 23 Forest,
2840 1121 36 20 est

2347 1145 66 21 entré
2430 1151 32 15 en
2479 1146 110 22 collision,
2607 1146 123 20 dimanche
2749 1146 52 23 soir,
2821 1149 55 17 avec

2348 1175 33 16 un
2398 1171 68 20 autre
2482 1170 98 25 cycliste,
2599 1174 87 17 avenue
2704 1171 98 23 Fonsny.
2821 1171 55 22 G...,

2347 1196 60 20 dans
2427 1200 27 16 sa
2474 1196 75 22 chute,
2570 1196 55 20 s'est
2643 1195 72 21 blessé
2735 1200 47 16 aux
2802 1199 62 16 mem-

2348 1220 57 21 bres.
2419 1220 21 21 Il
2455 1225 15 16 a
2482 1221 38 20 été
2534 1220 78 25 soigné
2626 1224 40 16 sur
2680 1220 72 25 place.
2765 1230 29 5 —
2807 1221 28 20 D.

2380 1308 114 62 For
2518 1325 113 45 our
2657 1307 186 63 allied

2496 1391 230 63 îriends

2384 1487 14 15 •
2414 1487 14 15 •
2441 1484 11 16 I
2462 1484 48 16 hâve
2521 1487 25 13 on
2557 1487 32 16 my
2600 1484 46 16 desk
2659 1487 11 13 a
2681 1484 58 16 batch
2751 1483 21 16 of
2781 1483 68 17 lettere

2381 1504 50 17 from
2445 1505 77 15 roaders
2536 1505 109 18 cxpresslng
2662 1503 50 17 tbelr
2728 1502 121 20 indignation

2383 1525 20 16 at
2433 1524 65 20 eeelng
2528 1524 59 17 Allied
2617 1524 80 16 soldlera
2725 1522 124 19 ahamelessiy

2383 1550 9 9 ■
2404 1545 49 16 done
2466 1550 8 9 >
2488 1545 20 16 ln
2521 1544 73 17 certain
2605 1544 53 16 cafés
2669 1544 40 16 and
2721 1543 127 17 restaurants.

2381 1565 24 15 In
2424 1568 36 13 one
2480 1564 92 18 instance,
2591 1568 13 13 a
2622 1564 71 16 aoldler
2711 1563 40 17 bad
2770 1564 22 16 to
2812 1565 37 16 pay

2382 1584 69 17 fifteen
2466 1584 65 17 francs
2545 1584 76 17 instead
2636 1584 20 17 of
2672 1584 38 16 flve
2725 1583 30 17 for
2771 1587 12 13 a
2799 1582 51 19 gless

2382 1604 21 17 of
2419 1608 50 13 ©eer.
2487 1605 25 16 As
2530 1608 12 13 a
2560 1604 85 19 Belglan,
2662 1604 10 16 I
2690 1603 92 19 slncerely
2800 1602 50 19 hope

2383 1624 53 17 thèse
2452 1628 32 13 are
2498 1624 44 19 only
2557 1624 80 17 isolatcd
2652 1627 59 17 cases,
2725 1623 40 17 and
2779 1623 10 16 I
2804 1625 46 13 ven-

2382 1645 43 16 ture
2444 1644 19 17 to
2480 1644 42 19 glve
2541 1648 36 15 you
2596 1644 32 16 the
2645 1644 96 19 followlng
2758 1643 53 19 pièce
2828 1641 22 18 of

2382 1665 66 16 advlce
2457 1668 5 13 :
2479 1665 36 16 esle
2532 1664 30 16 for
2580 1664 32 16 the
2629 1664 33 16 bill
2679 1664 21 16 of
2716 1663 53 17 fares
2784 1663 65 16 before

2382 1685 88 18 orderlng
2482 1684 113 19 somethlng.
2607 1684 44 16 Also
2663 1683 103 17 remember
2778 1683 44 16 that
2829 1683 21 15 Ln

2381 1705 49 16 moat
2444 1704 57 19 cafés,
2516 1704 34 17 the
2563 1704 53 19 prlce
2629 1704 33 16 llst
2675 1704 16 16 ls
2706 1701 144 21 conspicuously

2382 1725 104 18 dlsplayed.
2498 1724 19 17 If
2529 1727 37 16 you
2577 1724 55 17 scent
2644 1727 51 13 some
2707 1723 39 16 foui
2759 1723 43 19 play
2815 1722 35 17 a&k

2383 1748 12 13 a
2417 1745 79 19 Belglan
2519 1744 161 17 whlte-helmeted
2703 1744 104 18 po.lceman
2830 1743 21 16 to

2382 1765 82 16 demand
2479 1768 25 13 an
2519 1764 55 19 expia
2576 1764 66 16 nation
2658 1764 20 16 of
2692 1764 34 16 the
2741 1767 67 13 owner.
2822 1763 27 16 Or

2381 1786 65 18 report
2459 1785 32 16 the
2505 1788 56 13 name
2575 1784 38 17 and
2625 1784 79 16 addreas
2716 1784 22 16 of
2751 1784 32 16 the
2795 1783 54 19 place

2381 1805 22 16 to
2418 1805 34 16 the
2467 1806 77 15 nearest
2558 1804 150 20 police-station.

2386 1835 14 14 •
2416 1835 14 14 •
2443 1831 132 17 Table-tennis
2592 1831 46 17 fans
2656 1831 36 16 wlH
2709 1830 24 17 be
2751 1830 99 17 weloomed

2382 1852 25 19 by
2425 1851 32 17 the
2475 1857 9 9 «
2500 1852 78 16 Tritons
2596 1857 15 12 ».
2631 1851 36 18 167,
2685 1854 33 13 rue
2736 1850 24 16 de
2775 1849 75 17 Laeken

2386 1872 28 17 (ln
2428 1872 32 16 the
2473 1872 77 18 vieillit;.-
2563 1871 21 17 of
2597 1872 33 16 the
2641 1872 52 16 Oare
2703 1870 27 17 du
2743 1870 68 19 Nord),
2825 1873 25 13 on

2382 1892 97 20 Tue»*days
2493 1891 39 17 and
2546 1891 116 19 Thursdays,
2677 1891 50 16 from
2742 1891 10 16 7
2766 1893 38 17 pm.
2820 1889 30 17 tlU

2382 1912 21 16 10
2419 1916 38 15 pm.
2474 1911 79 19 Belglan
2572 1911 125 17 table-tennis
2714 1910 76 20 players
2806 1909 44 17 look

2379 1931 83 17 forward
2473 1933 20 15 to
2503 1932 78 18 play!ntT
2591 1935 51 13 some
2653 1932 40 16 sets
2703 1931 76 19 agalnst
2790 1930 58 17 them.

2386 1962 14 14 •
2416 1962 14 14 •
2442 1959 48 16 Miss
2503 1959 71 16 Lisette
2587 1959 78 17 Booten,
2682 1958 63 17 whose
2758 1958 62 16 motto
2834 1958 17 16 ls

2384 1984 9 9 <
2412 1979 54 19 Keep
2481 1979 84 19 amtling.
2587 1985 8 8 >
2615 1979 16 16 ls
2650 1978 85 17 deeirous
2754 1978 21 16 to
2794 1977 57 17 teaoh

2383 1998 74 17 French
2473 2002 22 13 or
2509 1999 64 16 Dutch
2589 1998 20 17 ln
2624 1998 97 19 «change
2736 1998 21 16 of
2773 1997 78 19 EngliSh

2383 2019 138 16 conversation.
2538 2018 75 17 Prefers
2628 2018 109 19 Untverslty
2752 2017 98 18 ©ducated.

2381 2039 44 16 WUI
2436 2039 54 16 Ahow
2502 2038 33 17 the
2546 2039 57 16 town.

2386 2068 14 14 •
2417 2068 13 14 •
2443 2066 27 15 To
2482 2065 27 16 a.l
2523 2065 88 19 Belgians
2624 2073 24 4 —
2661 2064 37 17 and
2713 2064 70 17 there's
2796 2068 14 12 a
2823 2063 29 17 lot

2383 2086 20 15 or
2426 2085 52 16 them
2501 2093 22 4 —
2547 2084 80 20 wlshtns
2649 2085 21 16 to
2693 2084 83 19 lmprove
2799 2083 52 17 their

2381 2105 85 19 Engllsh:
2478 2104 183 18 British-American
2672 2104 113 19 Priendshlp
2796 2103 53 18 Club.

2383 2126 15 17 7.
2410 2129 35 13 rue
2454 2125 25 16 de
2489 2125 101 18 Livourne;
2603 2128 56 15 every
2671 2124 117 18 Wednesday
2793 2124 13 15 7
2811 2127 39 16 poi.

2386 2155 14 14 •
2416 2155 14 14 •
2443 2152 55 16 AfteT
2511 2151 44 17 four
2568 2152 61 18 year's
2642 2151 70 16 silence
2726 2150 33 17 the
2772 2150 79 19 Belglan

2382 2172 78 16 •Section
2480 2171 21 17 of
2522 2171 34 17 the
2576 2171 142 16 International
2738 2170 112 19 Priendshlp

2382 2192 74 18 League
2477 2192 17 16 ls
2514 2191 97 19 resumlng
2632 2190 85 20 actlrlty.
2738 2191 30 16 AU
2789 2190 61 17 forces

2384 2212 37 16 will
2433 2212 24 16 be
2471 2211 99 17 welcomsd
2584 2212 22 15 at
2619 2211 23 16 H.
2657 2211 15 18 Q
2680 2223 3 4 .
2698 2211 10 15 4
2722 2211 82 18 Passage
2817 2210 34 16 des

2383 2232 65 16 Postes
2465 2231 88 19 (1)0-11.30
2568 2234 38 14 am.
2620 2231 31 17 3-5
2665 2231 57 20 pm.).
2735 2238 24 5 —
2771 2230 21 17 L.
2806 2230 22 20 Q.

2404 2309 44 32 LE
2467 2308 183 33 FOOTBALL
2666 2308 23 32 A
2706 2308 124 33 REPRIS

2493 2354 66 33 SON
2576 2349 166 37 ACTIVITÉ

1433 4935 25 17 du
1472 4935 22 17 19
1507 4935 104 20 septembre

1475 4987 96 17 JUSTICE

1280 5015 72 17 Justice
1369 5014 95 17 militaire,
1482 5021 23 5 —
1520 5014 48 16 Sont
1585 5013 84 17 nommés
1686 5012 101 18 substituts

1262 5036 19 16 1e
1295 5034 102 17 l'auditeur
1410 5034 90 17 militaire
1513 5033 44 20 près
1571 5033 17 17 le
1601 5032 70 17 conseil
1684 5033 24 16 de
1722 5035 65 17 guerre

1261 5059 22 13 -r.
1299 5057 103 17 campagne
1411 5057 5 14 :

1281 5075 45 17 MM.
1338 5075 34 16 Cb.
1383 5074 79 18 Vullers,
1473 5073 44 20 juge
1530 5076 24 14 au
1565 5073 85 17 tribunal
1662 5072 23 18 de
1696 5072 92 20 première

1260 5096 86 16 Instance
1362 5094 24 17 de
1404 5094 103 18 Bruxelles;
1526 5094 20 15 A.
1565 5093 71 20 Huens.
1652 5092 92 17 substitut
1763 5092 24 16 du

1260 5118 101 13 •woeureur
1380 5114 25 17 du
1424 5114 34 18 roi.
1478 5114 12 16 k
1509 5113 95 17 Bruxelles
1607 5117 5 14 ;
1632 5113 21 16 A.
1674 5113 113 16 Verhoeven.

1262 5135 88 16 ■substitut
1373 5134 25 16 du
1420 5137 102 16 procureur
1545 5133 25 16 du
1592 5133 34 18 roi,
1650 5133 12 17 k
1684 5132 102 18 Bruxelles:

1259 5155 19 16 L.
1295 5154 112 18 Hendrickx,
1425 5153 128 17 référendaire
1571 5153 75 19 adjoint
1663 5156 24 13 au
1704 5151 84 18 tribunal

1261 5175 22 17 ■ie
1299 5178 102 13 commerce
1416 5174 24 16 de
1455 5174 102 17 Bruxelles;
1575 5173 20 16 P.
1611 5172 94 19 Slckhoff,
1721 5173 68 16 avocat

1261 5194 42 17 ■xcès
1321 5194 19 17 la
1359 5194 49 17 Oour
1426 5193 75 20 d'appel
1518 5194 25 16 de
1560 5192 102 19 BruxeUes,
1681 5192 43 19 jure
1743 5195 36 15 sup-

1261 5214 65 17 pléant
1350 5217 23 13 au
1398 5214 85 16 tribunal
1506 5213 24 17 de
1553 5213 60 19 police
1636 5212 24 17 de
1684 5212 103 18 BruxeUes;

1261 5235 22 16 O.
1295 5234 85 19 Dupreel.
1392 5234 22 16 R.
1427 5234 88 17 Ockrent.
1529 5234 20 15 P.
1561 5234 41 15 Van
1614 5232 174 20 Drooghenbroeck.

1262 5255 19 16 A.
1299 5255 63 17 Ooms,
1379 5254 19 16 J.
1415 5253 75 16 Faurès.
1508 5254 19 16 J.
1543 5253 89 20 Delange,
1651 5254 77 15 avocats
1745 5252 44 19 prés

1260 5275 19 16 la
1293 5275 50 16 Cour
1357 5273 74 20 d'appel
1446 5274 23 16 de
1484 5273 100 17 BruxeUes.

1281 5295 50 16 Tous
1349 5295 43 15 sont
1410 5293 79 19 dégagés
1507 5293 24 17 de
1544 5295 57 14 -toute
1619 5292 102 19 obligation
1738 5292 41 17 mili-

1261 5315 49 16 taire
1322 5314 52 16 aussi
1387 5314 105 18 longtemps
1503 5313 57 19 qu'Us
1571 5315 87 14 exercent
1672 5313 50 16 leurs
1734 5312 46 16 fonc-

1261 5335 50 16 tions
1326 5334 12 16 à
1353 5333 19 17 la
1386 5328 69 25 justice
1469 5333 89 16 militaire
1572 5336 24 13 en
1612 5336 110 16 campagne.

1468 5365 113 17 FINANCES

1282 5393 30 16 Cn
1326 5391 63 17 arrêté
1400 5391 30 17 dit
1438 5395 5 13 :

1281 5413 17 16 Il
1310 5415 42 13 sera
1365 5411 79 20 procédé
1456 5411 11 17 à
1479 5411 19 17 la
1511 5412 112 19 liquidation
1635 5411 33 17 dea
1681 5411 108 19 opérations

1261 5436 24 13 en
1299 5435 79 16 suspens
1391 5431 12 16 à
1416 5431 20 16 la
1449 5432 71 16 Bourse
1533 5431 25 17 de
1571 5432 62 16 Ponds
1645 5431 74 20 publics
1732 5433 21 14 et
1766 5431 23 16 de

1261 5453 77 18 Change
1352 5452 25 16 de
1390 5451 101 18 Bruxelles,
1506 5452 77 16 suivant
1599 5452 18 16 la
1633 5451 156 19 réglementation

1263 5472 130 16 actuellement
1410 5474 24 13 en
1450 5471 84 19 vigueur,
1550 5474 13 16 y
1579 5472 82 18 compris
1678 5470 45 18 celle
1740 5470 40 17 rela-

1262 5493 38 15 tive
1314 5493 12 16 à
1341 5492 6 16 1
1355 5491 139 17 Identification
1508 5491 34 17 des
1557 5491 62 17 titres.

1282 5512 55 16 Cette
1351 5511 112 19 liquidation
1476 5515 21 13 ae
1512 5511 42 17 fera
1568 5515 44 13 sous
1626 5511 19 16 la
1658 5510 94 17 direction
1766 5511 25 17 de

1263 5533 17 15 'a
1296 5531 124 17 Commission
1435 5531 23 17 de
1475 5535 18 13 st
1509 5531 71 17 Bourse
1596 5531 23 17 de
1634 5531 96 16 BruxeUes
1747 5531 43 16 telle

1266 5552 61 18 ju'elie
1339 5551 48 16 était
1398 5550 97 20 composée
1507 5554 25 14 au
1543 5551 21 16 10
1576 5552 38 15 mal
1628 5552 45 17 1940,
1687 5551 12 16 à
1710 5550 80 19 l'excep-

1271 5572 31 15 lon
1314 5571 34 16 des
1359 5571 92 17 membre*
1463 5570 166 18 démissionnaires
1640 5574 70 13 comme
1723 5571 67 18 agents

1265 5591 21 16 1e
1300 5590 78 20 change.

1283 5611 27 16 La
1324 5611 124 16 Commission
1463 5610 62 17 fixera
1539 5610 20 17 la
1573 5611 47 16 date
1634 5611 25 16 du
1675 5613 105 14 commence-

1261 5631 53 16 ment
1326 5631 21 16 et
1358 5630 24 17 de
1395 5630 20 17 la
1429 5630 70 17 clôture
1514 5630 33 17 des
1560 5630 115 20 opérations.

2373 2423 26 16 La
2414 2423 82 19 capitale
2509 2423 49 16 était
2572 2422 12 16 à
2597 2423 56 19 peine
2666 2422 68 16 libérée
2749 2425 35 16 que
2797 2422 18 16 le
2829 2422 53 19 sport

2351 2446 24 13 en
2395 2443 82 19 général,
2497 2443 20 16 et
2536 2442 19 17 le
2573 2442 80 17 footbaU
2672 2445 25 13 en
2716 2442 111 20 particulier
2847 2442 34 16 ont

2351 2464 62 18 repris
2426 2463 42 16 leur
2481 2463 84 17 activité.

2373 2483 37 16 Dès
2423 2484 19 15 la
2454 2483 90 19 première
2555 2483 86 16 semaine
2653 2482 77 17 suivant
2743 2482 19 17 la
2774 2481 107 19 libération,

2352 2504 33 15 des
2399 2504 111 15 rencontres
2524 2503 35 15 ont
2572 2503 31 15 été
2618 2502 87 17 conclues
2718 2503 55 15 entre
2787 2502 28 16 les
2829 2502 53 16 clubs

2352 2523 101 16 bruxellois
2469 2523 20 15 et
2504 2522 35 17 des
2555 2522 113 16 formations
2685 2522 100 16 militaires
2801 2522 81 19 passant

2351 2546 36 16 par
2401 2543 96 15 Bruxelles
2511 2545 24 13 ou
2548 2542 117 16 cantonnées
2679 2542 48 16 dans
2740 2545 35 13 nos
2788 2544 59 13 murs.

2373 2563 51 15 Tous
2440 2565 32 13 ces
2489 2562 86 16 matches
2591 2562 54 19 Joués
2662 2565 24 12 en
2703 2562 29 15 lin
2750 2561 131 19 d'après-midi

2352 2583 34 15 ont
2403 2582 70 16 obtenu
2490 2585 27 12 un
2534 2582 28 15 vif
2579 2582 65 16 succès
2661 2581 69 19 auprès
2746 2581 24 16 de
2787 2581 19 16 la
2824 2581 57 15 foule.

2373 2602 37 16 Des
2436 2603 110 14 rencontres
2570 2603 55 14 entre
2652 2605 72 12 soccers
2749 2601 34 16 des
2809 2600 74 17 armées

2352 2622 65 16 alliées
2429 2622 19 15 et
2461 2622 76 18 Joueurs
2550 2621 62 19 belges
2624 2624 20 13 se
2657 2620 138 20 multiplieront
2807 2623 75 13 encore.

2373 2642 35 15 Les
2424 2642 77 18 équipes
2516 2641 24 16 de
2556 2644 36 13 nos
2608 2641 71 18 grands
2696 2640 52 16 clubs
2764 2640 35 16 ont
2815 2639 67 17 conclu

2351 2662 55 16 entre
2424 2661 46 16 eUes
2489 2661 34 16 des
2542 2660 87 17 matches
2647 2660 89 16 amicaux
2754 2659 127 17 dominicaux.

2373 2681 16 16 H
2406 2681 88 16 convient
2509 2681 24 15 de
2548 2680 42 16 dire
2605 2683 35 16 que
2655 2680 29 16 les
2699 2683 62 13 scores
2776 2679 55 16 n'ont
2846 2682 36 16 pas

2352 2701 72 18 grande
2436 2700 58 20 slgnll
2496 2701 28 15 lea
2526 2700 47 18 tion,
2586 2700 27 16 les
2625 2700 77 18 équipes
2714 2700 43 15 sont
2769 2702 25 13 en
2806 2699 76 20 période

2352 2721 23 15 de
2390 2721 75 18 rodage,
2482 2723 24 13 on
2522 2723 12 16 y
2549 2723 13 13 a
2577 2720 79 19 procédé
2672 2719 52 16 aussi
2739 2719 12 16 k
2766 2719 33 16 des
2813 2719 68 17 essais;

2353 2741 46 17 bref,
2417 2743 25 13 on
2458 2743 56 13 verra
2531 2740 43 19 plus
2590 2740 48 15 clair
2654 2739 57 19 après
2727 2739 29 16 les
2771 2739 111 16 rencontres

2352 2760 90 16 amicales
2457 2760 32 19 qui
2503 2760 47 16 vont
2565 2759 69 17 suivre.
2648 2767 23 5 —
2683 2759 25 17 K.

2423 2796 72 32 AUX
2512 2796 130 32 C.N.E.P.
2658 2796 44 32 ET
2717 2794 95 34 C.O.B.

2448 2871 44 17 DES
2510 2871 73 17 VŒUX
2601 2871 48 16 ONT
2666 2871 45 16 ETE
2728 2870 57 17 EMIS

2373 2898 60 16 Lundi
2446 2897 119 20 après-midi,
2578 2898 17 15 le
2607 2903 8 9 ■
2628 2897 72 17 Comité
2712 2897 90 16 National
2813 2896 59 17 d'Edu-

2352 2919 64 14 cation
2432 2917 93 19 Physique
2540 2918 20 15 et
2575 2917 34 16 des
2623 2917 68 19 Sports
2697 2921 10 11 »
2723 2917 20 16 et
2757 2917 18 16 le
2791 2921 11 11 «
2809 2916 72 16 Comité

2351 2937 111 19 Olympique
2477 2937 55 19 Belge
2539 2942 10 10 »
2564 2938 35 15 ont
2613 2938 52 16 tenu,
2680 2939 44 13 sous
2738 2936 20 17 la
2772 2936 109 19 présidence

2351 2957 26 16 du
2391 2957 65 18 prince
2471 2957 23 15 de
2508 2956 63 19 Ligne,
2586 2958 37 14 une
2638 2955 102 17 assemblée
2755 2955 93 20 générale.

2372 2976 104 18 Toutetols.
2494 2977 49 15 suite
2559 2979 38 13 aux
2613 2975 107 17 difficultés
2736 2975 23 16 de
2776 2975 94 22 Communi-

2353 2996 79 18 cations,
2454 2996 84 16 certains
2559 2996 92 16 membres
2673 2995 22 16 de
2717 2995 89 19 province
2826 2994 56 17 étant

2352 3016 82 17 absents,
2449 3016 13 15 il
2475 3015 33 17 n'a
2521 3018 36 17 pas
2569 3015 31 17 été
2614 3015 80 20 possible
2708 3014 23 17 de
2744 3015 75 16 statuer
2831 3014 40 17 défi-

2351 3035 113 17 nitivement
2479 3038 33 13 sur
2526 3036 33 15 des
2574 3038 33 13 cas
2621 3035 123 16 d'incivisme.

2373 3055 38 16 Des
2425 3058 55 13 vœux
2495 3056 34 15 ont
2543 3055 107 19 cependant
2664 3054 31 16 été
2709 3054 52 18 émis,
2776 3054 28 16 les
2817 3054 50 16 voici
2876 3057 5 13 :

2373 3075 53 16 Celui
2441 3075 23 16 de
2480 3075 41 16 voir
2535 3075 28 16 les
2578 3074 114 16 différentes
2707 3074 117 16 fédérations
2840 3076 32 13 sus-

2352 3095 70 18 pendre
2433 3095 157 19 provisoirement
2601 3094 83 18 d'office,
2695 3094 50 16 dans
2756 3093 27 17 les
2794 3097 33 12 cas
2838 3093 43 16 bien

2352 3114 74 18 établis,
2446 3114 51 16 leurs
2516 3114 73 16 affiliés
2608 3114 32 19 qui
2660 3117 19 13 se
2699 3114 44 16 sont
2763 3116 113 15 compromis

2369 3135 112 15 D'accorder
2491 3143 23 4 —
2523 3135 12 16 k
2546 3134 76 16 l'Instar
2632 3134 24 16 de
2666 3137 21 13 ce
2697 3136 37 16 que
2745 3132 37 18 fait
2791 3133 37 17 l'U-
2834 3132 23 17 B.
2863 3132 19 17 S.

2353 3154 19 16 P.
2384 3155 21 15 A.
2417 3162 33 4 —
2451 3154 18 16 le
2482 3154 47 16 libre
2542 3155 55 15 accès
2609 3157 37 12 aux
2660 3153 155 16 manifestations
2828 3156 44 16 spor-

2353 3174 47 16 tives
2414 3177 38 13 aux
2466 3173 100 17 militaires
2580 3173 33 16 des
2627 3173 73 16 armées
2714 3172 70 18 alliée.--,
2799 3176 21 12 ce
2834 3175 48 17 pour

2352 3194 70 15 autant
2436 3197 35 15 que
2485 3194 28 15 les
2527 3193 131 16 installations
2671 3193 17 16 le
2703 3192 121 20 permettent.

2372 3213 28 16 De
2415 3214 68 15 mettre
2498 3216 31 13 ces
2544 3212 130 17 installations
2689 3212 11 17 à
2714 3212 41 17 leur
2769 3212 112 20 disposition

2353 3236 47 16 pour
2413 3233 98 19 pratiquer
2524 3233 28 16 les
2565 3234 70 18 sports.

2373 3253 29 18 Et,
2417 3253 61 18 enfin,
2494 3253 14 15 il
2524 3256 42 13 sera
2582 3252 98 18 demandé,
2696 3255 24 13 en
2736 3253 62 18 temps
2813 3254 58 17 oppor-

2353 3273 39 16 tun,
2407 3275 24 13 au
2445 3273 147 18 gouvernement
2605 3272 23 17 de
2642 3272 43 16 bien
2698 3269 73 19 vouloir
2784 3271 97 17 examiner

2353 3292 128 19 l'Importante
2501 3292 86 19 question
2607 3292 22 16 de
2648 3292 19 16 la
2687 3291 151 20 réorganisation
2858 3291 23 16 de

2353 3312 113 16 l'éducation
2481 3312 91 19 physique
2587 3313 20 15 et
2621 3312 33 16 des
2669 3312 68 19 sports.
2752 3319 23 4 —
2788 3311 24 17 K.

2508 3349 24 32 A
2545 3348 87 33 L'U.B
2643 3348 96 33 S.F.A.

2361 3418 35 16 Les
2407 3417 93 18 membres
2510 3417 26 16 du
2549 3416 72 17 Comité
2632 3415 84 18 exécutif
2726 3416 23 17 de
2760 3414 121 18 l'U.B-S.F.A.

2352 3438 34 16 on*
2401 3441 30 14 eu.
2449 3437 72 16 samedi
2536 3437 82 16 dernier,
2634 3440 38 12 une
2687 3435 51 20 prise
2754 3435 25 17 de
2795 3435 85 17 contact;

2352 3458 84 16 certains
2448 3457 73 17 d'entre
2532 3460 42 15 eux,
2586 3456 91 17 habitant
2688 3456 20 16 la
2718 3455 96 21 province,
2827 3455 55 17 n'ont

2351 3480 26 17 pu
2389 3477 42 17 être
2443 3477 87 20 présents
2543 3477 12 16 k
2568 3477 49 16 oette
2630 3476 86 17 réunion.
2730 3476 54 16 Aussi
2797 3479 13 16 y
2822 3478 59 14 aura-

2351 3497 34 17 t-11
2399 3501 38 13 une
2452 3497 68 16 séance
2534 3496 83 19 plénière
2633 3496 17 17 le
2666 3496 21 16 30
2703 3497 86 15 courant.

2373 3518 17 16 Il
2404 3517 71 17 résulte
2488 3517 24 16 de
2526 3518 50 15 cette
2589 3515 92 21 première
2696 3515 80 17 réunion
2789 3519 36 16 que
2840 3515 42 17 rien

2351 3541 25 13 ne
2391 3538 61 16 serait
2468 3536 67 18 décidé
2551 3538 115 15 concernant
2684 3536 32 17 des
2735 3536 146 19 championnats

2352 3557 82 17 officiels
2449 3558 24 16 de
2490 3557 79 16 footbaU
2584 3560 49 16 pour
2650 3557 73 16 1M6-4-S
2737 3557 61 15 avant
2811 3556 71 19 qu'une

2353 3577 101 17 assemblée
2474 3576 87 20 générale
2581 3580 24 14 ne
2624 3577 64 19 puisse
2708 3576 41 17 être
2769 3575 112 20 convoquée.

2352 3597 47 17 D'où
2418 3597 133 17 actuellement
2569 3600 35 16 pas
2622 3597 23 16 de
2665 3596 147 19 championnats
2828 3596 44 19 quel-

2352 3621 87 16 conques,
2451 3618 49 16 seuls
2511 3617 34 17 des
2555 3617 86 16 matches
2653 3617 87 16 amicaux
2750 3617 65 16 seront
2827 3617 46 16 auto-

2351 3637 54 17 risés.

2372 3659 17 16 Il
2408 3661 43 13 sera
2471 3657 37 17 fait
2526 3658 80 19 rapport
2624 3661 33 13 sur
2675 3657 19 17 la
2713 3657 99 18 situation,
2832 3657 50 16 suite

2352 3678 68 19 auquel
2436 3678 15 16 U
2467 3681 20 13 se
2502 3677 88 20 pourrait
2606 3677 59 19 qu'un
2682 3676 137 20 championnat
2835 3676 37 17 offi-

2352 3699 54 15 cieux
2422 3698 111 17 transitoire
2546 3698 39 16 soit
2600 3697 88 20 organisé
2702 3701 48 16 pour
2765 3697 84 17 meubler
2864 3697 18 17 la

2352 3719 65 16 saison
2431 3718 79 17 1044-10.

2373 3739 79 16 D'autre
2471 3739 51 18 part,
2543 3737 18 18 le
2581 3739 19 16 C.
2621 3738 27 19 E.,
2668 3741 47 14 sans
2735 3738 89 17 attendre
2844 3740 38 13 une

2352 3758 102 17 assemblée
2470 3758 93 20 générale,
2577 3759 85 19 prenant
2677 3762 30 13 ses
2722 3757 159 20 responsabiUtés.

2352 3779 101 19 procédera
2464 3778 12 17 à
2487 3781 38 14 une
2535 3778 101 20 épuration
2647 3781 25 14 an
2681 3778 55 20 point
2746 3779 23 16 de
2780 3782 35 13 vue
2826 3781 47 17 pure-

2352 3799 53 16 ment
2417 3799 77 19 sportif.
2506 3806 20 6 —
2523 3806 6 6 •
2542 3799 24 16 K.

2376 3836 43 32 LE
2434 3836 122 32 MATCH
2573 3835 284 33 BELGO-ANGLAIS

2424 3910 24 16 IL
2463 3910 43 16 EST
2520 3910 74 16 REMIS
2609 3910 32 16 AU
2655 3910 32 16 ler
2700 3910 110 16 OCTOBRE

2375 3936 50 15 Nous
2448 3938 65 15 avons,
2537 3935 49 16 dans
2608 3938 37 13 une
2668 3935 112 19 précédente
2804 3935 77 18 édition,

2353 3956 86 16 annoncé
2463 3955 145 19 l'organisation
2632 3954 46 17 d'un
2702 3955 66 17 match
2792 3954 90 17 sélection

2353 3974 129 20 belgo-R.A.P.
2506 3977 48 17 pour
2577 3975 18 16 le
2619 3974 22 17 24
2670 3974 105 19 septembre
2793 3978 26 12 au
2842 3974 30 16 Da-

2353 3995 42 19 ring
2411 3995 22 16 C.
2448 3994 23 17 B.

2374 4015 26 16 Ce
2413 4015 66 15 match
2493 4014 68 16 n'aura
2575 4017 36 16 pas
2625 4013 38 16 lieu
2677 4013 12 17 6
2703 4014 50 16 cette
2766 4013 52 19 date,
2833 4014 50 16 mals

2353 4034 14 16 U
2381 4037 44 13 sera
2439 4033 95 20 remplacé
2549 4036 35 16 par
2600 4036 37 13 une
2652 4033 100 16 rencontre
2768 4033 56 17 d'une
2840 4033 42 20 plus

2352 4054 73 19 grande
2436 4056 103 16 envergure
2553 4053 31 19 qui
2597 4056 42 13 sera
2653 4053 97 19 organisée
2763 4056 38 13 aux
2813 4054 59 15 instal-

2353 4074 71 15 lations
2434 4073 27 16 du
2471 4073 73 19 Daring
2555 4073 20 15 C.
2587 4072 27 19 B.,
2628 4072 11 17 k
2650 4072 115 19 Molenbeek,
2777 4073 18 16 le
2806 4073 66 16 diman-

2353 4094 34 16 che
2401 4094 31 16 ler
2444 4093 82 17 octobre,
2540 4096 24 13 au
2578 4093 83 16 bénéfice
2673 4093 24 16 de
2711 4093 35 17 l'O.
2759 4093 23 16 N.
2794 4093 22 16 A.
2829 4093 21 16 C.

2374 4113 25 16 Ce
2412 4113 50 16 n'est
2474 4115 35 17 pas
2521 4115 37 14 une
2571 4112 66 20 équipe
2649 4112 23 16 de
2685 4112 19 16 la
2716 4113 65 16 R.A.P.
2795 4113 32 19 qui
2840 4116 42 13 sera

2353 4133 80 19 opposée
2447 4133 11 15 k
2471 4135 38 13 une
2523 4132 90 16 sélection
2626 4132 58 19 belge,
2699 4132 49 16 mals
2759 4135 27 13 un
2800 4137 10 10 c
2818 4135 45 13 onze
2871 4137 10 11 >

2354 4152 134 19 représentatif
2507 4152 24 16 de
2551 4152 77 16 l'armée
2648 4151 127 20 britannique,
2796 4152 86 19 composé

2353 4172 110 16 d'éléments
2485 4172 40 18 pris
2547 4171 49 17 dans
2617 4170 25 19 Ve
2649 4172 57 19 Army
2713 4176 16 14 >,
2753 4176 9 11 <
2770 4171 53 20 Navy
2830 4176 10 11 >
2863 4173 19 15 et

2355 4196 9 11 «
2370 4191 40 16 RA
2410 4191 27 16 J.
2444 4195 10 12 »
2469 4192 20 15 et
2503 4194 21 13 oe
2539 4194 46 13 avec
2598 4191 18 16 le
2630 4194 92 14 concours
2736 4191 23 17 de
2773 4191 20 17 la
2809 4195 10 12 <
2826 4192 45 15 Foot-

2354 4212 37 15 ball
2405 4211 119 18 Association
2531 4215 17 12 ».

2374 4231 54 16 Cette
2441 4231 67 19 équipe
2521 4231 127 19 britannique,
2662 4231 32 19 qui
2706 4230 126 20 comprendra
2845 4233 37 13 une

2352 4250 89 19 majorité
2465 4251 24 16 de
2514 4251 148 19 professionnels
2688 4251 66 19 Jouera
2779 4251 19 16 la
2822 4250 60 19 veille,

2352 4270 22 16 30
2386 4271 111 18 septembre,
2510 4271 11 15 à
2534 4270 61 19 Paris;
2609 4270 34 17 elle
2656 4270 95 17 viendrait
2763 4271 12 15 k
2786 4270 96 16 Bruxelles

2354 4293 35 16 par
2403 4291 19 15 la
2437 4291 41 15 vole
2493 4290 34 16 des
2541 4291 39 15 airs

1820 4885 68 31 PAS
1901 4884 44 31 DE
1959 4883 156 33 COURSES
2127 4881 67 33 SUR
2206 4881 115 33 ROUTE

1827 4952 27 16 La
1866 4952 57 18 Ligue
1936 4951 141 20 Véloclpédlque
2090 4950 53 19 belge
2157 4950 129 19 communique
2298 4952 37 17 que

1806 4973 63 16 toutes
1888 4971 27 17 les
1933 4974 75 14 courses
2026 4974 34 14 sur
2078 4971 54 16 route
2152 4973 24 14 ne
2193 4971 83 18 peuvent
2295 4969 40 17 être

1818 4991 96 17 rsanlsées
1929 4991 75 20 Jusqu'à
2019 4990 67 18 nouvel
2101 4990 61 17 ordre.

1827 5011 54 17 Seuls
1897 5011 28 17 les
1939 5011 93 20 meetings
2047 5014 33 13 sur
2096 5009 115 18 vélodromes
2225 5011 21 16 et
2261 5010 75 20 plaines

1807 5032 22 16 de
1844 5032 63 19 sports
1922 5032 44 16 sont
1981 5030 99 18 autorisés.

1807 5124 206 66 L'esprit
2025 5126 29 52 à
2066 5123 272 67 l'étranger

1932 5626 101 21 Histoire
2045 5630 54 16 sans
2111 5624 79 26 parole
2199 5624 29 22 L.

2405 4547 31 16 On
2451 4551 49 13 nous
2514 4548 41 20 prie
2570 4548 116 17 d'annoncer
2700 4547 18 17 le
2732 4547 54 16 décès
2800 4547 24 17 de

2516 4574 200 32 FAUSTUS

2385 4614 105 17 Secrétaire
2505 4615 34 16 des
2554 4616 63 18 postes
2633 4614 63 20 privés
2711 4614 23 16 de
2750 4614 60 16 Radio
2826 4614 24 16 de

2385 4633 94 20 Belgique,
2496 4634 69 17 décédé
2582 4634 139 19 tragiquement
2738 4637 23 13 en
2779 4634 71 16 service

2385 4654 116 19 commandé,
2509 4654 18 17 le
2536 4655 19 16 '9
2562 4655 39 16 mal
2610 4654 46 18 1940,
2665 4654 11 16 k
2683 4654 59 16 Arras
2751 4654 87 15 <Ftan-ei

2406 4674 27 18 68,
2451 4674 28 17 Bd
2497 4674 86 20 d'Ypres,
2600 4673 102 18 Bruxelles.
2772 4674 77 18 (1/D364

2406 4718 26 17 M.
2448 4719 20 15 et
2484 4719 45 16 M""
2546 4719 85 17 Maurice
2646 4718 111 17 Scutenalre
2772 4717 21 17 et
2808 4717 42 17 leur

2386 4737 39 17 fille
2439 4738 95 17 Jeannine
2548 4739 35 16 ont
2596 4738 19 17 la
2629 4737 92 20 profonde
2734 4737 78 17 douleur
2826 4737 24 16 de

2385 4760 46 14 vous
2443 4758 50 16 faire
2505 4759 44 18 part
2561 4758 24 17 de
2596 4758 20 16 la
2628 4758 50 16 mort
2691 4757 69 16 cruelle
2772 4756 24 17 de
2808 4756 42 17 leur

2386 4777 59 16 filleul
2461 4778 21 16 et
2497 4778 66 16 cousin
2578 4777 103 17 blen-almé

2416 4810 159 40 MAURICE
2594 4808 223 41 SCUTENAIRE

2385 4867 24 17 né
2422 4869 12 16 à
2448 4869 114 15 Kilo-Mines
2578 4868 71 19 (Congo
2663 4867 72 19 Belge),
2748 4866 19 17 le
2780 4867 21 16 34
2814 4870 26 13 no-

2384 4887 76 17 vembre
2471 4887 47 20 1923,
2529 4889 19 15 et
2558 4887 138 17 mortellement
2706 4886 59 17 blessé
2775 4890 24 13 en
2809 4890 31 13 ser-

2385 4907 40 16 vice
2443 4907 111 17 commandé
2572 4907 11 16 à
2601 4906 85 20 Nivelles,
2704 4906 18 16 le
2740 4906 10 17 3
2768 4907 72 19 septem-

2385 4926 33 17 bre
2436 4927 46 19 1944,
2499 4927 20 17 et
2535 4930 12 16 y
2562 4926 69 17 décédé
2647 4926 18 17 le
2681 4926 20 16 16
2717 4926 105 20 septembre

2406 4946 35 17 Les
2456 4946 110 17 funérailles
2580 4946 35 16 ont
2628 4949 24 13 eu
2666 4945 44 17 lieu.

2385 4966 27 19 60,
2434 4969 34 14 rue
2488 4966 97 19 Samlette,
2607 4965 85 17 Nivelles.

2386 4985 26 20 14,
2423 4989 35 13 rue
2468 4986 24 16 de
2502 4986 20 16 la
2532 4985 91 20 Pourche,
2634 4984 101 18 Bruxelles.
2750 4985 99 18 (21/D5023

2406 5030 89 17 Madame
2508 5031 73 16 Storms
2594 5030 20 16 et
2627 5033 22 13 sa
2663 5029 39 16 fille
2714 5029 53 17 JuUa
2780 5033 60 13 remer-

2386 5050 50 15 cient
2453 5050 44 16 tous
2512 5050 28 16 les
2556 5049 48 17 amis
2620 5049 20 16 et
2655 5048 146 17 connaissances
2817 5049 33 17 des

2386 5072 88 17 marques
2487 5070 24 16 de
2524 5069 107 19 sympathie
2645 5068 114 20 témoignées
2772 5069 40 16 lors
2825 5069 26 17 du

2386 5089 55 17 décès
2455 5090 24 16 de
2493 5089 41 17 leur
2548 5089 46 16 cher
2608 5089 50 16 mari
2671 5089 21 16 et
2705 5091 52 17 papa

2523 5116 79 16 HENRY
2619 5116 94 16 STORMS

2386 5143 32 16 tué
2436 5147 25 13 en
2478 5143 72 16 service
2567 5142 117 18 commandé,
2702 5145 36 16 par
2755 5142 28 17 les
2802 5143 39 16 Alle-

2386 5164 73 16 mands,
2477 5163 18 17 la
2511 5163 11 16 3
2539 5162 105 20 septembre
2662 5162 48 16 1944.

2407 5183 102 19 BruxeUes.
2521 5182 26 19 26.
2559 5185 34 13 rue
2603 5182 24 16 de
2636 5182 20 16 la
2666 5181 103 20 Pépinière.
2783 5183 68 16 (D6025

2407 5228 31 16 On
2452 5230 49 14 nous
2514 5227 41 19 prie
2569 5226 117 16 d'annoncer
2700 5226 19 16 le
2733 5225 55 18 décès
2802 5227 24 16 de

2416 5255 100 31 Madame
2534 5254 56 29 Léon
2608 5252 215 33 HADWAERTS

2472 5294 35 16 née
2528 5293 60 17 Marie
2610 5293 157 17 HERREBOSCH

2386 5321 36 17 née
2438 5321 12 16 k
2468 5320 107 17 Molenbeek
2577 5319 95 18 -St-Jean.
2689 5319 19 17 le
2724 5320 28 17 30.
2769 5320 17 16 4.
2804 5321 47 17 1866,

2386 5342 20 15 et
2435 5341 117 19 pieusement
2581 5339 80 17 décédée
2690 5339 12 16 à
2731 5339 73 20 Ixelles.
2834 5340 18 16 le

2387 5361 26 16 17.
2430 5361 17 17 9.
2466 5360 47 16 1944.
2530 5360 26 16 Le
2571 5359 72 16 service
2659 5359 85 19 funèbre,
2761 5359 51 16 suivi
2828 5359 24 17 de

2386 5380 6 16 1
2400 5380 119 16 inhumation
2532 5379 49 16 dans
2593 5379 18 16 le
2622 5382 71 13 caveau
2705 5379 24 16 de
2742 5379 73 17 famille
2826 5383 25 13 au

2386 5399 96 17 cimetière
2495 5399 24 16 de
2532 5398 81 18 Laeken,
2627 5401 43 14 sera
2684 5398 72 17 célébré
2770 5399 18 16 le
2801 5402 41 13 mer-

2386 5419 52 17 credi
2452 5419 22 16 30
2488 5418 106 21 septembre
2610 5418 47 19 1944,
2673 5418 12 16 à
2702 5419 19 15 11
2737 5418 74 20 heures,
2827 5422 25 13 en

2386 5439 71 19 l'église
2472 5438 24 16 de
2512 5437 19 17 la
2547 5437 80 20 Trinité,
2643 5438 12 16 à
2670 5438 74 19 IxeUes.

2408 5458 85 16 Rénnion
2511 5458 12 16 à
2540 5457 77 19 l'église.

2386 5478 90 16 St-GUles
2494 5477 38 20 330,
2544 5476 91 17 chaussée
2646 5477 23 16 de
2680 5477 100 17 Waterloo.
2795 5477 56 18 (D497

2977 372 188 40 PANTHEON
3188 374 150 37 DANCING

3000 434 28 19 t»,
3043 437 34 13 rue
3091 433 24 17 de
3129 433 20 17 la
3163 434 110 20 Montagne,
3287 435 22 16 63

2971 481 62 17 TOUS
3052 480 42 18 LES
3112 480 75 18 JOURS
3206 481 44 17 sauf
3268 480 90 17 vendredi

2965 511 16 16 A
2998 510 63 20 partir
3078 510 25 16 du
3122 510 61 16 mardi
3202 512 21 16 19
3240 511 106 19 septembre

2983 530 18 16 la
3018 530 77 16 fameux
3113 530 97 16 orchestre
3228 530 23 17 de
3268 530 60 17 danse

2925 555 96 46 LES
3046 554 349 47 MINSTREL'S

3006 613 104 16 (Direction
3124 612 43 19 Car
3181 613 91 16 WILLOX
3355 613 49 18 (DM

3045 670 222 17 CABARET-DANCING

2918 699 484 50 BROADWAY

2944 762 28 20 13,
2988 766 34 13 me
3037 762 183 18 Fossé-aux-Loups.
3236 761 39 18 Tél.
3293 763 52 16 17.18.
3348 763 19 15 iO

2939 782 128 17 Réouverture
3083 782 73 16 samedi
3172 783 21 16 16
3207 782 106 17 septembre
3330 786 45 13 avec

3041 803 41 15 L'ai
3100 802 24 16 de
3140 802 20 16 ta
3177 801 103 19 trompette

2954 822 176 32 ROBERT
3150 823 58 31 DE
3227 822 117 31 KERS

2926 861 19 16 et
2952 865 23 13 sa
2981 861 79 17 format.
3067 862 101 16 Dlxleland
3175 862 34 16 dea
3215 861 48 20 dtsq.
3271 861 62 17 Decaa
3359 862 56 17 (P405

2928 930 200 45 BOBINO
3154 929 244 45 DANCING

2949 993 28 19 80,
2990 997 34 14 rat
3035 994 24 17 d,
3072 994 79 17 l'Etans.
3165 995 22 16 S0
3201 994 64 18 (Place
3277 993 95 18 Joardan)

3069 1023 67 16 Trama
3152 1022 104 15 5-S--U-.5

2929 1050 75 17 Samedi
3015 1051 12 16 9
3037 1051 20 19 h,
3069 1058 8 6 -
3091 1051 104 17 Dimanche
3206 1052 10 15 3
3228 1052 19 16 h.
3260 1059 9 5 -
3282 1051 59 16 Lundi
3353 1051 12 16 6
3376 1051 19 16 h.

3015 1084 48 17 UNI
3086 1085 121 17 AMBIANCE
3231 1084 91 19 UNIQUE

3016 1104 29 16 SA
3080 1104 67 17 PISTE
3181 1104 141 17 ENCHANTEE

3015 1123 45 17 SON
3083 1124 106 16 PLAFOND
3210 1124 111 19 MAGIQUE

2930 1156 27 16 LE
2981 1156 58 17 PLUS
3063 1157 62 18 BEAU
3149 1157 106 17 DANCING
3279 1158 33 17 DU
3337 1157 58 17 PATS

3339 1177 79 18 (1/DM7

2920 1242 154 43 CABARET

2920 1299 151 42 DANCING

3318 1244 44 42 SA

3271 1291 138 51 MAJESIÉ

2996 1371 33 23 39,
3042 1373 48 19 Rue
3104 1372 31 21 da
3149 1373 138 22 Pont-Neuf,
3301 1372 26 21 39

2951 1402 26 15 La
2993 1402 95 17 mellleare
3104 1403 98 16 ambiance
3218 1404 23 15 de
3256 1404 20 15 la
3291 1403 83 19 capitale

2927 1428 87 21 Ouvert
3025 1429 14 19 à
3054 1430 11 19 8
3080 1430 21 19 h.
3153 1429 130 21 Dimanche
3296 1430 12 20 3
3322 1430 24 20 h.
3362 1430 57 18 O»»

2964 1476 69 63 LA
3066 1476 301 65 LOUISIANE

3028 1558 33 24 22,
3073 1563 40 14 rue
3126 1558 31 21 du
3170 1557 132 26 Béguinage

2957 1587 62 25 (près
3032 1589 30 21 de
3075 1589 25 21 la
3113 1589 66 25 place
3193 1589 29 21 de
3237 1589 137 21 Brouckere)

3003 1626 323 33 REOUVERTURE

2983 1674 135 24 Mercredi
3135 1675 32 24 20
3186 1675 158 28 septembre

3074 1708 18 24 à
3106 1708 32 24 21
3154 1708 101 24 heures

3057 1748 25 17 de
3096 1748 114 17 l'ambiance
3225 1752 45 13 avec

2946 1773 8 10 •
2970 1768 63 16 GENE
3046 1769 83 16 KEMPF
3141 1769 80 16 SWING
3235 1769 74 16 MUSIC
3324 1774 10 11 »
3351 1770 39 17 (Hl!

3503 366 195 33 EMPLOIS
3714 368 198 32 OFFERTS

3519 429 111 18 COUTURE

3445 451 48 17 dem.
3513 450 31 18 1/2
3563 449 85 17 ouvrière
3666 450 38 15 ald.

3445 471 88 21 apprent.
3554 469 26 19 63,
3602 472 34 13 rue
3656 469 48 16 Jean
3708 464 2 17 I

3445 490 112 18 d'Ardenne,
3581 488 39 17 XL.
3667 488 37 18 (Ml

3493 523 34 16 Oit
3543 522 113 16 DEMANDE

3464 543 60 34 Bons
3541 544 147 30 mécaniciens

3445 586 47 16 pour
3512 584 152 16 reconstruction
3671 585 25 13 au-

3447 603 93 16 tomobile.
3562 603 23 16 8e
3607 603 99 19 présenter

3445 622 18 16 J.
3484 622 109 18 PEETERS.
3616 622 37 19 1S6,
3675 621 29 17 Ch.

3447 641 23 17 de
3489 641 62 19 Oand.
3570 642 75 16 ZelUck.
3668 641 38 18 (Ml

3716 431 49 17 IXP.
3785 432 74 16 FIRME
3881 431 92 16 D'ENTR.

3716 450 48 17 dem.
3781 455 24 16 pr
3821 454 32 13 ses
3869 450 104 19 magasins,

3717 471 89 16 mecanlc.
3824 474 56 14 conn.
3897 472 14 16 à
3927 469 47 17 fond

3717 491 67 16 mater,
3801 491 70 17 d'entr.
3887 494 24 16 pr
3927 493 47 14 rem.

3717 513 24 13 en
3750 510 26 17 et.
3787 512 19 16 et
3816 512 50 16 entr.
3877 510 52 18 S'ad.
3940 513 35 13 rue

3718 529 75 20 Royale,
3808 531 37 18 130.
3859 531 21 16 3e
3894 531 25 16 et.
3924 530 50 16 (7792

3718 562 32 15 ON
3766 563 56 17 dem.
3836 564 40 19 gér.
3890 564 22 16 et
3926 566 49 14 serv.

3718 584 25 13 au
3758 582 87 18 Paradou
3863 583 76 19 (entr.).
3946 583 28 18 33.

3718 605 15 12 r.
3744 602 42 16 Van
3797 603 97 18 Artevelde
3908 603 67 18 (BT793

3447 675 56 15 DEM.
3527 675 88 16 DESSIN.
3639 674 66 17 FCBI».

3448 694 30 16 1rs
3494 694 58 16 force.
3568 694 76 19 Robert.
3651 694 17 18 8,
3675 697 30 13 av.

3447 713 26 16 du
3486 713 54 16 Mont
3553 713 90 19 Kemmel,
3657 713 39 17 Bru-

3447 732 63 17 xeUes.
3667 733 38 18 (Ml

3453 765 128 17 FORGERON
3600 766 98 17 ENTRFT.

3448 785 16 16 si
3478 789 49 15 posa,
3542 785 82 17 sachant
3638 785 66 18 ferrer.

3449 805 78 19 30-40a.,
3550 805 93 17 demandé
3667 808 36 16 par

3448 825 81 17 Industr.
3547 825 79 17 environ
3644 825 60 19 Mons,

3448 845 57 16 référ.
3518 846 54 17 exig.,
3588 845 70 17 salaire
3670 844 26 17 ho-

3448 865 56 18 raire,
3519 865 101 19 logement.
3634 864 71 20 Jardin,

3449 884 37 18 feu.
3500 885 84 18 lumière.
3598 885 9 16 1
3621 888 32 13 are
3666 885 30 16 ter-

3448 905 43 16 rain
3502 908 35 16 par
3549 904 66 17 memb.
3627 904 78 16 famille.

3448 925 82 15 Moment
3533 925 61 16 aném.
3612 925 94 18 avantage

3448 947 25 13 en
3489 945 75 16 nature.
3579 952 24 5 —
3618 944 64 16 Zcrire
3700 947 5 13 :

3449 964 58 17 Dern.
3520 964 62 17 Heure
3595 967 21 13 n.
3630 964 65 17 B7837.

3744 635 78 16 HAUTE
3838 637 110 17 COUTURE

3718 654 58 17 Ouvr.
3787 655 20 16 et
3818 655 38 18 ald,
3866 657 25 15 tr.
3902 659 42 16 cap.
3956 659 19 16 p.

3718 675 92 16 Manteau
3825 676 21 15 et
3860 675 49 17 Tall.
3926 675 50 18 dem.

3718 694 60 19 d'urg.
3791 695 104 18 Borgeaud,
3906 695 27 18 30,
3944 695 32 16 ch.

3718 715 23 17 de
3758 715 105 16 Charleroi.
3910 715 66 18 (B7789

3450 1003 32 15 ON
3500 1004 56 16 DEM.
3575 1004 18 16 b.
3611 1003 96 16 ouvrières

3450 1026 22 15 pr
3490 1023 83 18 colifich.
3591 1024 115 18 NOVBCOL,

3450 1042 32 18 7A.
3495 1043 51 18 Quai
3560 1047 24 12 au
3598 1043 45 17 Bois
3657 1043 40 16 Con-

3450 1063 99 18 struction.
3564 1064 58 16 Brux.
3641 1063 66 18 (B7834

3450 1095 32 16 ON
3497 1095 56 16 DEM.
3569 1096 8 17 1
3585 1095 18 17 b.
3611 1095 96 17 chef-ouv.

3450 1118 24 16 pr
3489 1115 87 18 Colifich.
3592 1115 115 17 NOVEOOL.

3451 1135 32 19 7A,
3497 1135 50 18 Quai
3561 1139 24 13 au
3599 1136 45 16 Bols
3658 1135 39 16 Con-

3450 1155 101 17 struction.
3565 1156 58 16 Brux.
3641 1154 66 18 (B78Ï*

3501 1193 158 32 MODES

3450 1237 53 16 Dem.
3517 1237 40 15 1res
3569 1236 66 19 apprêt
3646 1238 18 14 et
3677 1236 8 16 !
3698 1237 9 15 2

3451 1256 74 20 apprêt.
3549 1256 51 16 Bons
3622 1256 85 16 salaires.

3453 1277 36 17 119.
3505 1276 30 17 ch.
3550 1275 85 17 Louvain
3670 1276 37 18 (Ml

3456 1309 119 16 OUVRIERS
3599 1309 103 16 LIMEURS

3450 1329 45 16 sont
3510 1329 48 16 dem.
3572 1332 36 15 par
3623 1328 86 19 fabrique

3451 1348 23 17 de
3490 1348 58 20 vélos,
3567 1349 26 18 10,
3610 1351 35 14 rue
3661 1348 42 15 Len-

3451 1369 86 18 glentler.
3643 1367 66 18 (B767S

3532 1401 98 16 SOCIETE

3483 1420 196 17 CAPITALISATION

3449 1441 93 15 demande
3548 1440 77 19 délégué
3641 1440 70 17 service

3451 1460 125 16 commercial.
3614 1460 97 16 Situation

3451 1480 61 16 stable
3527 1488 22 4 —
3563 1480 67 16 avenir
3645 1480 66 16 assuré

3452 1500 11 16 à
3487 1499 81 17 élément
3591 1499 55 17 actif.
3669 1499 40 16 Ecr.

3451 1519 58 16 Dern.
3521 1519 62 16 Heure
3594 1522 26 13 au
3632 1522 19 13 n.
3663 1519 41 16 M74

3452 1552 144 16 IMPRIMERIE
3616 1552 49 16 dem.

3451 1571 38 16 bon
3510 1571 98 20 pédallste,
3630 1571 26 19 63,
3678 1575 33 12 rue

3451 1591 21 16 P.
3485 1591 93 18 Michiels.
3592 1591 57 17 Jette.
3667 1591 43 18 (A81

3450 1624 140 16 IMPORTANT
3612 1625 99 15 ATELIER

3451 1643 84 20 réparât,
3551 1644 96 17 automob.
3663 1644 48 17 dem.

3451 1663 44 16 chef
3505 1663 67 17 atelier
3582 1664 39 16 très
3631 1667 25 13 au
3666 1667 35 13 cou-

3451 1683 46 16 rant
3516 1684 46 17 mot.
3582 1683 68 17 Diesel.
3669 1684 40 16 Ecr.

3451 1703 57 16 Dern.
3521 1703 62 16 Heure
3596 1706 25 14 au
3635 1707 20 13 n.
3667 1704 43 16 A91.

2904 1840 527 97 FANTASIA

2899 1962 32 22 55,
2953 1967 40 15 rue
3014 1962 418 25 lY_ontag_te-a._x-Herbe_-Potac.re_

2967 1993 33 31 Un
3018 1993 137 31 merreifleux
3174 1994 50 30 coin
3241 1993 29 32 dn
3287 1993 77 33 Maroc

2993 2041 61 20 BAS
3068 2050 29 6 —
3112 2040 96 21 SALON
3223 2041 39 20 DE
3278 2041 61 20 THE

2944 2071 238 25 GERMAINE
3220 2073 21 22 B
3251 2073 22 22 R
3284 2073 21 22 O
3316 2073 24 22 K
3351 2073 20 22 A

3085 2112 70 19 XITA
3169 2111 79 22 POLA

2901 2142 34 20 An
2950 2141 41 22 thé
3309 2142 37 23 En
3360 2142 72 21 soirée

3008 2168 120 22 REMY
3151 2168 173 23 BOLLEN

2996 2208 24 20 et
3038 2211 27 16 u
3082 2206 126 21 formation
3225 2206 131 26 rytlimlqne
3377 2207 54 18 a>u_

2917 2278 272 45 CENTRAL
3224 2277 195 47 LIEDTS

2995 2334 47 23 25,
3062 2334 121 21 PLACE
3204 2334 139 21 LIEDTS

2928 2365 154 20 Réouverture
3100 2366 79 23 depuis
3196 2366 22 20 le
3236 2366 26 20 16
3278 2366 128 24 septembre

2983 2391 28 20 de
3028 2391 23 20 la
3069 2391 160 24 sympathique
3246 2391 104 21 Taverne

2900 2422 123 17 AMBIANCE
3036 2431 9 5 -
3059 2423 102 19 DISQUES
3173 2431 10 5 -
3196 2423 131 18 NOUVEULUX
3339 2424 94 17 DECORS

2915 2448 76 21 Même
3007 2448 150 24 propriétaire
3175 2457 12 10 <
3204 2449 37 20 LA
3258 2449 132 21 TRIBCNE
3408 2458 11 11 »

2956 2477 27 19 87,
2996 2478 104 15 Boulevard
3113 2478 85 17 Maurice
3209 2479 118 19 Lemonnler,
3341 2479 20 16 87
3384 2479 48 16 EX.O

3074 2524 192 34 MIAMI
3306 2539 7 14 .

3024 2578 9 10 «
3047 2573 108 17 CABARET
3162 2580 9 5 -
3179 2573 106 17 DANCING
3299 2579 11 10 »

2901 2599 119 17 Attractions
3029 2600 20 15 et
3060 2599 97 17 orchestre
3167 2609 10 5 -
3187 2600 28 20 14,
3225 2603 35 13 rue
3270 2600 34 16 des
3314 2599 119 17 Hirondelles

2905 2626 50 16 (coin
2969 2626 28 17 Bd
3012 2627 40 16 Em.
3066 2626 138 19 Jacqmaln-Pl.
3211 2626 24 17 de
3241 2626 114 18 Brouckere)
3376 2626 56 18 (D434

2903 2691 40 37 LE
2963 2690 170 38 DAUPHIN
3178 2683 39 36 67,
3225 2693 41 21 rue
3271 2682 42 32 des
3319 2682 114 31 Bouchers

2902 2718 20 33 !?
2949 2744 5 7 .
3005 2744 5 7 .
3023 2729 14 22 7
3077 2744 19 7 _.
3238 2728 39 19 KL
3289 2729 78 17 ii.oi.es

2902 2744 64 17 Cercle
2982 2744 53 20 privé
3051 2754 9 5 -
3076 2744 47 18 Club

2902 2777 84 19 HOTEL,
2997 2778 156 16 RESTAURANT
3164 2779 31 16 DE
3206 2778 33 16 ler
3250 2778 80 17 ORDRE
3345 2778 89 20 (19/D467

2953 2832 194 32 DANCING
3170 2842 18 19 «
3207 2832 163 32 ELYSEE
3389 2841 16 18 »

3056 2873 59 17 (Cour
3131 2873 24 16 de
3172 2873 105 17 Bruxelles)

2986 2900 27 19 15,
3032 2899 55 17 Place
3106 2899 110 20 Fontainas,
3236 2900 22 16 15
3278 2899 86 18 (Centre)

2986 2930 63 16 TOUS
3065 2930 42 17 LES
3124 2931 74 15 JOURS
3214 2931 17 16 A
3247 2930 11 16 7
3274 2931 93 16 HEURES

2986 2959 90 17 SAMEDI
3089 2960 11 15 S
3112 2961 23 15 H.
3148 2968 23 4 —
3182 2960 126 17 DIMANCHE
3320 2960 11 16 3
3343 2961 24 15 H.

2955 2978 24 18 G.
2996 2979 67 17 BAY'S
3080 2980 20 15 et
3117 2983 35 12 son
3169 2979 62 19 grand
3248 2978 97 17 orchestre
3365 2980 57 18 (D400

2974 3027 266 32 BATACLAN
3257 3026 109 36 CLUB

3117 3068 100 19 (A.S-B.L.)

2944 3095 27 18 24,
2993 3096 40 16 Rue
3054 3095 111 17 Roelandts.
3186 3095 22 16 £4
3228 3102 24 6 —
3272 3095 117 17 Schaerbeek

2948 3115 39 17 (Av.
3000 3114 47 18 Paul
3058 3114 106 18 Deschanel
3176 3123 9 6 -
3196 3115 41 16 Rue
3249 3114 33 17 des
3294 3115 91 18 Coteaux)

2944 3154 75 16 Samedi
3035 3154 23 16 23
3075 3153 105 20 septembre
3197 3154 48 18 19*4,
3253 3154 22 16 'à
3292 3153 22 17 18
3330 3154 19 17 h.
3366 3154 22 16 30

2902 3181 122 20 GRANDE
3040 3181 106 20 SOIREE
3161 3180 40 20 DE
3216 3180 216 21 BIENFAISANCE

2965 3216 25 12 au
3012 3212 60 19 profit
3095 3212 82 19 intégral
3199 3212 33 17 des
3253 3213 73 16 Veuves
3347 3213 20 16 et

2966 3232 102 19 Orphelins
3087 3232 34 16 des
3140 3233 20 16 F.
3180 3232 16 17 I.
3216 3232 153 18 Schaerbeekois.

2964 3253 61 15 morts
3030 3255 14 16 p
3045 3254 8 9 r
3060 3252 20 16 la
3087 3251 108 17 délivrance
3205 3252 23 17 de
3238 3252 20 16 la
3268 3255 98 14 commune

3054 3279 49 16 Avec
3116 3278 18 17 le
3146 3282 92 13 concours
3251 3279 24 17 de

2902 3298 44 16 M"*
2964 3298 71 17 SONIA
3054 3299 79 18 LUDIA,

3026 3318 94 17 danseuse
3133 3318 66 17 soliste
3212 3318 23 17 de
3249 3318 76 20 l'Opéra
3339 3318 92 18 d'Anvers

2900 3338 26 17 M.
2942 3337 34 17 Ph.
2993 3338 147 18 GRIMBERGS,

2943 3357 30 16 ler
2983 3357 83 17 danseur
3077 3357 25 16 du
3113 3357 83 17 Théâtre
3206 3358 60 19 Royal
3277 3358 24 16 de
3310 3358 20 16 la
3340 3359 90 16 Monnaie

2900 3376 95 17 MARCEL
3013 3377 110 19 ANTOINE,
3142 3378 56 16 notre
3216 3377 69 17 Slache
3303 3378 88 16 national

2901 3396 104 18 CARELLI.
3027 3396 75 17 l'émule
3123 3397 25 17 de
3169 3397 114 19 Benjamlno
3304 3397 53 20 Glgll

2902 3416 14 14 r>
2920 3417 96 17 ermain,
3039 3416 68 19 Joyeux
3129 3417 110 16 fantaisiste

2900 3435 60 17 ROSE
2979 3436 83 19 MARIA,
3081 3436 104 17 chanteuse
3203 3437 12 16 à
3233 3437 49 17 voix.
3343 3437 88 18 (20/IH73

2933 3482 50 16 Vous
3000 3483 118 15 retrouverez
3136 3482 67 19 depuis
3220 3482 18 17 le
3255 3483 22 15 £2
3294 3483 106 19 septembre

2932 3502 48 17 UNE
3004 3502 122 17 AMBIANCE
3150 3502 46 18 DES
3219 3503 60 16 PLUS
3303 3503 98 17 CHOISIE

2947 3535 22 31 à
2992 3535 108 33 l'ECU
3126 3535 58 32 DE
3207 3536 173 32 FRANCE

2991 3583 43 16 tous
3049 3583 28 16 les
3093 3583 54 19 Jours
3162 3583 24 16 de
3201 3583 12 16 4
3228 3583 20 18 h.
3265 3583 12 17 à
3293 3584 12 16 6
3319 3583 21 19 h.

2932 3609 25 17 Le
2972 3609 33 17 thé
3020 3609 85 17 dansant
3119 3609 50 17 dans
3183 3609 18 17 le
3216 3610 55 16 salon
3284 3610 58 17 Louis
3356 3610 44 17 XIV

3046 3630 34 16 Les
3095 3629 70 17 soirées
3179 3630 105 16 dansantes

2928 3657 112 16 DCIUC
3065 3657 25 21 p.
3096 3658 24 15 Il
3158 3656 31 17 ET
3211 3657 47 16 SON
3278 3657 122 16 ENSEMBLE

2928 3671 113 17 llLl'L
3065 3671 40 16 VJ1
3112 3671 21 16 L»
3209 3676 142 19 RYTHMIQUE

2932 3703 24 17 Le
2967 3704 43 16 tout
3020 3703 88 21 présenté
3118 3703 49 17 dans
3177 3706 27 13 un
3214 3703 58 16 cadre
3281 3703 24 16 de
3315 3703 24 19 gd
3350 3702 48 20 style

2935 3731 29 15 AP
2966 3730 93 17 mUTIPS
3063 3737 8 5 -
3075 3730 133 17 COCKTAILS
3212 3738 9 4 -
3224 3730 93 16 BUPPET
3326 3730 74 16 FROID

2925 3750 86 16 Aussitôt
3018 3753 35 16 que
3061 3750 80 19 possible
3149 3749 33 17 des
3189 3749 84 17 vedettes
3280 3749 118 19 parisiennes

2934 3769 27 20 43,
2978 3770 40 16 Rue
3034 3769 24 16 de
3073 3770 20 15 la
3109 3769 87 19 Violette,
3212 3769 22 16 42
3251 3769 146 16 (Grand'Place)

3029 3788 38 19 Tél.
3085 3789 77 16 12.34.28
3179 3797 9 5 -
3204 3788 78 17 12.65.62
3340 3788 78 18 (H16028

2973 3843 165 20 LAMINOIRS
3155 3843 38 19 DE
3211 3842 153 20 LONGTAIN

2902 3868 73 17 Société
2988 3871 100 17 anonyme.
3101 3868 29 16 LA
3142 3867 116 18 CROYERE,
3270 3867 161 17 BOIS-D'HAINE

2922 3888 88 19 Registre
3022 3887 25 17 du
3059 3890 103 14 commerce
3174 3887 23 16 de
3209 3886 103 20 Charleroi,
3325 3889 23 14 n°
3360 3886 48 17 3703.

2924 3927 123 17 L'assemblée
3065 3926 87 20 générale
3169 3926 97 16 ordinaire
3282 3929 21 13 se
3321 3926 75 16 tiendra
3414 3926 18 16 le

2902 3947 90 17 vendredi
3008 3947 10 16 6
3033 3947 76 16 octobre
3125 3946 46 19 1944,
3187 3946 12 16 fc
3216 3946 19 16 11
3250 3945 74 20 heures,
3340 3949 25 13 au
3381 3945 51 20 siège

2902 3967 65 18 social.
2982 3975 23 4 —
3018 3967 82 16 ORDRE
3114 3966 33 16 DU
3161 3966 62 16 JOUR
3232 3969 5 13 :
3254 3965 20 16 1°
3288 3966 96 18 Rapports
3398 3966 34 16 des

2903 3986 167 17 administrateurs
3085 3987 19 15 et
3118 3985 145 19 commissaires;
3279 3985 20 15 2°
3314 3986 83 16 Examen
3412 3987 20 14 et

2902 4006 126 19 approbation
3041 4005 33 17 des
3087 4005 52 16 bilan
3152 4005 20 16 et
3185 4005 74 18 compte
3271 4004 71 20 profits
3354 4005 20 16 et
3387 4008 34 16 per-

2903 4027 29 15 tes
2947 4029 25 13 au
2986 4026 22 16 30
3020 4025 42 19 Juin
3078 4024 48 19 1944;
3141 4024 20 16 3°
3175 4023 98 20 Décharge
3287 4027 37 13 aux
3339 4024 83 17 adminis-

2902 4046 84 16 trateurs
3003 4046 20 15 et
3040 4044 144 18 commissaires;
3203 4044 20 15 4°
3240 4044 133 16 Nominations
3390 4045 31 15 sta-

2903 4065 89 19 tutaires;
3009 4065 21 16 5°
3045 4064 72 17 Divers.
3132 4071 24 4 —
3171 4063 155 17 Conformément
3341 4064 13 16 k
3369 4064 54 16 l'arti-

2901 4084 29 17 cle
2951 4085 22 16 34
2994 4084 34 17 des
3048 4083 78 19 statuts,
3148 4083 55 19 dépôt
3226 4083 34 16 des
3281 4083 62 19 titres,
3365 4085 66 15 contre

2903 4103 98 20 récépissé,
3017 4104 44 18 cinq
3076 4103 53 18 Jours
3145 4103 66 16 francs
3226 4104 59 15 avant
3301 4103 116 17 l'assemblée
3427 4107 4 12 :

2902 4126 20 16 a)
2937 4127 25 13 au
2974 4123 50 20 siège
3035 4122 66 19 social;
3114 4122 19 18 b)
3149 4123 11 16 fc
3172 4122 20 16 la
3203 4122 78 19 Banque
3293 4122 24 17 de
3328 4123 103 18 Bruxelles,

2902 4144 12 17 k
2931 4144 28 16 La
2976 4142 94 20 Louvière,
3088 4145 25 13 ou
3131 4142 45 16 chez
3194 4141 51 17 l'une
3263 4142 24 16 de
3304 4145 31 14 ses
3352 4142 78 19 filiales;

2902 4165 18 15 c)
2938 4164 11 16 fc
2963 4162 20 17 la
2996 4162 78 19 Banque
3087 4161 23 17 de
3124 4161 19 16 la
3157 4161 73 17 Société
3243 4161 94 17 Générale
3351 4162 24 16 de
3388 4162 33 17 Bel-

2902 4182 60 20 gique,
2983 4181 12 17 fc
3016 4182 26 16 La
3061 4180 95 20 Louvière,
3176 4184 25 13 ou
3221 4180 45 17 chez
3286 4181 52 17 l'une
3358 4181 23 17 de
3402 4185 31 13 sea

2903 4202 74 16 filiales.
3375 4201 57 18 (D471

2903 4231 80 17 Anciens
3003 4230 155 17 Etablissements
3185 4230 125 17 D'IETEREN
3337 4231 96 19 FRERES,

2902 4250 72 17 Société
2993 4251 102 18 Anonyme,
3115 4254 33 13 rur
3167 4249 25 17 du
3212 4250 52 20 Mail,
3283 4251 28 18 50,
3329 4251 103 17 Bruxelles.

2903 4271 100 16 Messieurs
3025 4270 27 17 les
3073 4270 132 16 Actionnaires
3225 4271 46 16 «ont
3293 4270 105 20 convoqués
3421 4270 12 17 fc

2901 4289 118 17 l'Assemblée
3038 4289 93 17 Générale
3149 4289 101 17 Ordinaire
3267 4290 33 19 qui
3318 4294 21 13 ae
3356 4291 77 17 tiendra

2902 4314 24 12 au
2938 4309 50 20 siège
2999 4309 59 16 social
3076 4309 27 20 50,
3115 4312 34 13 rue
3160 4309 25 16 du
3197 4309 53 19 Mail,
3263 4310 17 16 le
3292 4310 52 18 Jeudi
3356 4310 21 17 28
3390 4314 32 16 sep-

2902 4329 71 16 tembre
2991 4329 47 19 1M4,
3056 4331 11 13 a
3084 4329 11 16 S
3112 4329 68 17 heure*
3196 4329 24 17 de
3236 4329 12 16 l'
3251 4329 117 20 après-midi,
3387 4333 45 14 avec

2901 4348 68 17 l'ordre
2981 4348 25 17 du
3017 4348 44 19 Jour
3073 4349 76 15 suivant
3162 4351 6 13 :
3182 4349 19 16 l»
3212 4349 96 19 Rapports
3320 4350 26 16 du
3357 4350 74 17 Conseil

2901 4368 177 16 d'Administration
3093 4371 20 16 et
3128 4367 25 17 du
3168 4368 140 19 Commissaire;
3325 4370 19 15 2°
3359 4370 63 18 Appro-

2901 4387 66 18 bation
2986 4387 26 17 du
3030 4388 53 16 bilan
3101 4389 20 15 et
3139 4388 25 16 du
3184 4388 77 19 Compte
3280 4389 23 16 de
3322 4389 71 16 Profits
3411 4390 20 15 et

2901 4408 65 16 Pertes
2990 4410 25 14 au
3037 4407 22 16 M
3083 4407 41 18 Juin
3148 4407 49 19 1944;
3222 4408 20 16 3°
3265 4408 107 19 Décharges
3395 4411 36 13 aux

2902 4427 169 16 Administrateurs
3083 4429 19 14 et
3115 4427 140 19 Commissaire;
3268 4429 20 15 4°
3301 4428 130 16 Nominations

2901 4447 117 15 statutaires.
3039 4446 35 17 Les
3094 4446 67 20 dépôts
3181 4447 33 17 dea
3235 4447 56 18 titres
3310 4447 121 17 s'effectuent

2901 4470 24 12 au
2937 4466 49 19 siège
2998 4466 58 16 social
3067 4466 10 16 5
3088 4466 54 19 jours
3153 4466 66 18 franoe
3230 4470 25 13 au
3267 4467 98 16 minimum
3372 4466 58 16 avant

2901 4486 19 16 la
2941 4485 44 19 date
3006 4485 23 17 de
3049 4485 123 20 l'assemblée.
3353 4486 77 18 (1/D340

2936 4514 81 32 ECOLE
3038 4515 82 31 BELGE
3141 4515 35 31 DE
3197 4514 202 33 PHOTOGRAPHIE

2945 4555 54 17 Ecole
3011 4555 81 19 Profess.
3104 4555 26 16 du
3142 4555 44 17 soir
3199 4555 66 19 agréée
3277 4558 36 16 par
3324 4555 63 18 l'Etat,

2944 4574 20 17 ta
2984 4574 91 17 Province
3094 4575 21 16 et
3134 4575 21 16 la
3175 4575 48 17 Ville
3242 4575 24 16 de
3286 4574 102 17 Bruxelles.

2981 4595 28 18 86,
3025 4597 33 14 rue
3074 4595 92 19 Rempart
3181 4595 34 16 des
3229 4594 79 20 Moines,
3324 4595 27 17 86.

2902 4614 60 16 Cours
2978 4614 74 17 mixtes.
3068 4614 78 20 Reprise
3164 4619 6 12 :
3186 4614 54 17 lundi
3256 4614 20 17 18
3292 4614 110 19 septembre,
3420 4614 11 16 fc

2902 4634 21 16 19
2937 4634 19 18 h.
2972 4633 26 17 30.
3374 4634 58 18 (D368

2951 4684 177 34 GALERIE
3153 4684 232 33 STEPHANIE

2955 4729 87 16 Meilleur
3059 4729 136 19 emplacement
3212 4728 25 17 de
3253 4728 21 16 la
3291 4729 88 19 Capitale

2933 4752 26 19 15,
2978 4752 95 17 Chaussée
3091 4752 24 16 de
3132 4751 104 19 Charleroi,
3255 4751 28 19 15,
3301 4752 98 17 Bruxelles

2957 4771 63 18 (Place
3040 4771 104 20 Stéphanie
3164 4779 22 5 —
3205 4772 76 16 Avenue
3301 4772 74 18 Louise)

2933 4797 70 17 Achète
3022 4808 9 5 -
3049 4798 48 16 vend
3116 4801 48 15 pour
3182 4801 45 12 tous
3236 4801 6 13 :
3261 4797 62 19 objets
3341 4798 58 18 d'art,

2934 4818 91 19 cristaux,
3049 4817 69 19 bijoux,
3144 4816 57 20 tapis,
3225 4817 113 19 argenterie,
3354 4818 45 16 -ete.

2932 4837 75 17 Avance
3020 4837 24 16 de
3057 4836 61 17 fonds.
3132 4837 57 16 Rens.
3202 4836 32 19 tél.
3249 4837 77 17 12.06.77
3341 4838 79 18 (1/D439

3479 1736 69 17 USINE
3568 1737 31 16 DE
3619 1738 63 16 LOTH

3534 1757 92 17 demande

3470 1776 62 17 BONS
3546 1777 146 17 OUTILLEUBS

3506 1796 150 17 MATRICIENS.

3452 1815 107 17 Débutants
3576 1817 107 16 s'abstenir.

3452 1835 63 17 Ecrire
3529 1839 5 13 :
3547 1836 90 17 Dernière
3648 1836 62 17 Heure

3453 1858 25 13 au
3493 1859 19 12 n.
3528 1856 43 16 A94.

3458 1888 154 17 IMPORTANTE
3635 1889 70 16 USINE

3453 1908 12 16 fc
3480 1908 21 16 30
3516 1908 38 17 km.
3569 1908 24 17 de
3607 1908 101 19 Bruxelles,

3517 1928 101 17 recherche
3641 1931 6 14 :

3452 1948 134 17 AGRONOME
3601 1949 39 19 jne.
3656 1948 53 19 actif,

3452 1968 12 15 h
3467 1969 28 15 tes
3513 1968 147 17 connaissances
3676 1971 25 14 en-

3452 1988 53 18 grais
3527 1988 20 17 et
3570 1988 92 17 aliments
3685 1988 25 16 du

3452 2007 59 17 bétail
3527 2009 85 19 pouvant
3629 2009 47 15 s'oce
3679 2011 30 16 -jp.

3452 2030 81 14 services
3537 2042 6 8 ,
3561 2028 103 17 intérieurs

3475 2048 71 18 ventes,
3559 2048 128 19 conférences,

3453 2066 86 18 français
3550 2069 21 15 et
3583 2068 93 17 flamand.
3687 2076 24 5 —

3457 2088 76 16 STENO
3535 2089 118 16 -DACTYLO
3671 2091 33 14 ex-

3451 2107 143 19 pérlmenté-fei
3599 2120 4 6 ,
3619 2107 86 19 français

3453 2127 93 18 flamand,
3578 2127 81 19 anglais.
3688 2135 20 5 —

3464 2148 55 16 AIDE
3521 2148 123 16 -CHIMISTE
3674 2150 27 13 au

3454 2168 80 16 courant
3562 2168 88 19 analyses
3677 2170 24 13 en-

3451 2187 59 20 grais,
3524 2187 97 19 aliments,
3635 2186 67 17 recher-

3454 2207 50 18 ches,
3524 2207 83 17 élément
3627 2206 85 17 travail!.

3453 2227 65 17 Ecrire
3531 2231 5 12 :
3547 2227 92 17 Dernière
3650 2226 62 18 Heure

3454 2250 25 13 au
3493 2250 21 13 n.
3527 2247 45 16 A95.

3452 2285 98 16 IMPORT.
3565 2285 147 17 DISTILLERIE

3453 2304 53 19 Vins,
3523 2304 39 20 liq.,
3579 2305 50 16 dem.
3646 2307 66 17 voyag.

3454 2328 23 16 pr
3490 2325 59 17 Brux.
3562 2325 21 16 et
3595 2328 44 13 env.
3653 2324 56 17 Cond.

3455 2345 36 16 Int.
3503 2348 28 16 sp.
3542 2345 26 16 Le
3579 2345 34 16 Blé
3624 2345 52 19 d'Or,
3688 2348 24 13 vx

3454 2364 87 20 genièvre
3558 2368 36 16 pur
3612 2364 62 20 grain.
3690 2372 23 5 —

3454 2385 51 17 S'ad.
3522 2384 143 18 Plron-Daurel.
3681 2384 31 17 ch.

3454 2405 24 16 de
3490 2405 58 16 Brux.
3560 2405 70 16 Jumet.
3646 2405 66 17 (B7748

3457 2429 140 45 1-aWQUE
3587 2430 37 3 -
3619 2430 87 39 TBSÙS

3470 2478 222 32 INDEMAILLABLES

3533 2519 99 16 demande:

3454 2539 72 16 bonnes
3542 2539 134 17 OURLEUSES
3692 2540 19 15 et

3455 2559 165 19 SURJETEUSES,
3636 2559 26 18 68,
3678 2562 34 14 me

3455 2579 23 16 de
3491 2579 138 19 Birmingham.
3646 2579 66 18 (B7747

3786 748 122 16 VENDEUSE

3719 766 48 18 dim.
3783 770 19 17 p.
3816 767 56 17 Mais.
3887 767 89 19 Couture,

3719 789 25 15 au
3757 787 20 17 ct
3790 788 50 16 trav.
3853 788 42 16 Eer.
3907 787 37 17 réf.
3957 789 20 16 et

3718 806 49 21 prêt.
3784 807 63 28 D^H.
3864 810 20 14 n.
3900 807 66 17 BT789.

3758 840 37 32 ON
3804 831 139 41 "DEMANDE
3942 832 36 6 -

3720 880 9 16 3
3744 880 20 17 h.
3780 884 35 16 par
3831 880 84 17 semaine
3930 883 48 16 pour

3719 899 172 18 élève-chanteuse.
3903 900 17 18 1)
3933 900 45 17 Pla-

3720 920 88 17 nlst-acc.
3822 921 44 17 (Mr.
3877 923 25 14 ou
3912 920 62 18 dame)

3720 939 53 17 sach.
3792 940 53 18 déch.
3865 940 12 17 fc
3895 943 43 14 vue.
3956 941 20 17 3)

3720 959 110 19 Professeur
3847 961 61 16 chant
3927 961 51 19 prat.

3720 979 88 17 méthode
3827 980 42 17 ttal.
3891 981 44 16 (Mr.
3953 983 25 14 ou

3720 999 72 19 dame).
3805 1000 42 16 Ecr.
3862 1003 31 14 av.
3906 1000 72 17 condit.

3720 1019 58 17 Dern.
3795 1020 64 16 Heure
3875 1023 21 14 n.
3912 1020 66 16 B7787.

3731 1051 207 34 Raboteurs

3731 1094 207 33 Tourneurs

3735 1137 153 32 Foreurs

3721 1179 44 16 sont
3776 1179 109 20 demandés,
3895 1181 39 18 339,
3944 1184 36 14 rue

3721 1199 110 17 Moorslede.
3924 1201 56 18 (A137

3721 1232 33 15 ON
3766 1233 57 16 DEM.
3834 1234 110 18 nettoyeur
3956 1235 23 16 de

3721 1252 22 15 23
3759 1252 13 16 à
3789 1253 22 16 40
3829 1257 41 12 ans.
3888 1254 25 17 Se
3929 1255 50 19 prés.

3721 1272 55 17 entre
3794 1273 12 17 8
3824 1274 21 16 et
3865 1274 20 17 10
3904 1274 75 19 heures.

3722 1291 16 18 1.
3756 1295 34 14 rue
3808 1294 136 18 Saint-Pierre,
3962 1296 18 18 l,

3721 1311 12 16 fc
3751 1312 103 18 Bruxelles.
3925 1316 54 15 'A128

3755 1345 93 18 HAUTES
3864 1347 82 18 MODES

3724 1364 85 17 Marcelle
3831 1367 41 16 Vao
3893 1368 87 17 Heosden

3724 1383 36 19 101,
3780 1388 35 14 rue
3833 1387 78 19 Royale,
3930 1387 50 18 dem.

3723 1406 81 16 urgence
3820 1406 47 17 bnes
3887 1408 40 16 1res
3946 1411 34 16 ap-

3723 1424 102 19 préteuses.
3841 1427 52 16 Bons
3908 1427 72 19 aalalr..

3724 1445 71 16 semain
3795 1449 12 13 e
3827 1446 52 19 angl.
3914 1448 67 18 (B7657

3730 1476 32 17 ON
3778 1478 58 17 DEM.
3852 1473 126 24 VENDEUSE"

3724 1498 24 14 au
3765 1499 80 16 courant
3862 1499 23 17 de
3900 1500 81 17 l'article

3724 1520 10 11 «
3746 1516 63 18 Fruits
3821 1523 16 11 ».
3847 1519 25 16 6e
3883 1519 98 20 présenter

3725 1541 9 10 €
3750 1537 108 18 FRUCTUS
3874 1543 16 15 »,
3906 1539 28 18 28.
3949 1539 32 17 bd.

3724 1556 34 17 Ad.
3771 1557 51 19 Max,
3835 1558 28 17 ae.
3915 1560 66 17 (btooo

3749 1589 30 18 LA
3796 1590 158 18 TEINTURERIE

3799 1610 106 18 EXPRESS

3734 1628 37 19 124.
3786 1633 35 13 rue
3835 1630 24 17 de
3874 1631 98 17 Tenboach

3756 1648 98 18 Demande
3867 1651 81 18 premier

3723 1667 66 17 laveur
3809 1670 80 19 capable
3908 1672 21 15 et
3949 1675 23 13 ra-

3722 1687 50 20 pide-
3927 1691 56 18 (A106

3724 1721 33 16 ON
3775 1721 57 18 DEM.
3850 1726 27 15 un
3895 1723 38 17 bon
3952 1724 20 17 tô-

3725 1740 126 19 lier-soudeur
3874 1743 13 16 à
3910 1743 63 17 l'auto-

3723 1760 53 19 gène.
3813 1762 82 17 Ateliers
3922 1763 61 17 Emile

3723 1781 73 19 Vignot,
3810 1782 27 19 54,
3851 1786 34 13 rue
3898 1783 24 16 de
3934 1784 38 16 Lae-

3724 1800 43 19 ken.
3781 1802 103 17 Bruxelles.
3927 1804 55 16 iaho

3747 1835 118 17 COIFFEUR
3877 1836 80 17 DAMES

3724 1854 80 17 cherche
3825 1855 39 16 ban
3886 1856 97 17 salonnler

3725 1877 45 13 avec
3786 1874 66 17 client,
3869 1875 60 17 envlr.
3947 1876 36 16 Pte

3724 1893 78 17 Namur.
3818 1895 77 17 Bonnes
3910 1895 72 17 condit.

3724 1913 83 17 S'adres.
3823 1915 26 19 10,
3864 1918 36 14 rue
3913 1915 69 17 Ernest

3723 1933 76 19 Solvay.
3921 1935 60 18 (M133

3723 1966 33 17 Sté
3765 1967 35 16 An.
3811 1968 30 16 eh.
3852 1968 120 16 REPRESEN-

3723 1987 77 17 TANTS
3813 1988 18 15 ts
3843 1991 54 16 pays,
3909 1988 20 16 U
3940 1991 33 14 ma-

3723 2007 71 19 gasins,
3809 2007 67 17 article
3890 2008 45 18 grde
3949 2010 24 14 ac-

3724 2027 69 17 tualité
3810 2027 61 17 même
3889 2027 57 20 après
3963 2027 20 17 la

3723 2050 74 15 guerre.
3808 2048 42 16 Ecr.
3861 2048 26 16 N°
3899 2048 10 16 4
3921 2048 51 18 Agen-

3724 2070 22 13 ce
3755 2067 71 16 Havas.
3904 2068 78 16 -H16024

3725 2100 33 15 ON
3776 2100 57 16 DEM.
3853 2099 40 17 très
3910 2100 20 16 b.
3948 2104 24 13 ou-

3725 2119 50 17 vrier
3792 2119 91 19 ébéniste.
3901 2121 29 17 13.
3948 2123 35 14 rue

3724 2139 24 16 de
3761 2139 74 16 Russie.
3933 2141 50 17 (M17

3728 2171 42 32 Les
3786 2171 115 33 Créations
3917 2174 65 36 JNetty

3724 2211 29 19 51,
3774 2212 34 16 Av.
3829 2213 82 19 Fonsny,
3934 2213 48 17 dem.

3725 2232 96 17 ouvrières
3843 2232 68 20 quallf.
3934 2236 50 17 pour

3725 2255 34 13 sou
3761 2252 39 16 tien
3801 2255 71 17 -gorge,
3888 2253 48 16 bons
3951 2256 22 13 sa-

3725 2271 63 17 laires.
3934 2273 49 18 (M17

3734 2304 78 17 HOTEL
3833 2305 139 17 IMPORTANT

3726 2324 33 17 DU
3772 2325 91 16 CENTRE
3877 2325 49 17 dem.
3940 2325 44 17 ald»

3725 2344 157 20 réceptionnaire.
3908 2346 76 16 Bonnes

3726 2364 56 17 référ.
3799 2366 48 18 exig.
3865 2365 42 17 Eor.
3924 2365 22 16 H.
3954 2365 29 19 A..

3726 2384 63 18 Office
3804 2385 23 17 de
3841 2385 98 20 Publicité.
3955 2385 27 19 36.

3726 2407 32 13 rue
3775 2405 69 18 Neuve,
3861 2405 58 16 Brux.
3945 2406 38 17 (M2

3454 2612 133 17 DANSEUSES
3603 2616 48 16 pour
3662 2612 50 17 TAi-

3454 2632 86 16 hambra.
3551 2633 25 16 Se
3586 2636 29 16 pr.
3626 2633 28 17 35,
3664 2635 17 14 r.
3693 2632 18 17 d.

3454 2652 101 18 Bouchers.
3570 2653 57 16 Brux.
3646 2652 66 18 (B7745

3478 2685 227 37 Garage-Réparation

3455 2725 48 16 dem.
3516 2726 48 15 bons
3576 2726 84 16 ouvriers
3673 2726 28 16 mé-

3455 2745 96 16 caniciens
3567 2746 25 16 tr.
3607 2745 67 20 capab.
3689 2749 23 16 pr

3455 2765 19 16 la
3495 2765 110 20 réparation
3626 2767 86 15 automo-

3454 2785 50 17 bllle.
3526 2786 52 16 Bons
3599 2786 80 16 salaires
3700 2786 12 16 fc

3454 2805 54 16 é.ém.
3524 2805 81 17 sérieux.
3622 2806 24 16 Se
3662 2805 50 19 prés.

3454 2825 27 18 92,
3496 2825 30 16 ch.
3541 2826 77 16 Ninove.
3646 2826 66 18 (B7744

3497 2859 182 30 BOULANGERIE

3455 2898 48 17 dem.
3518 2899 39 16 très
3570 2900 37 16 bon
3623 2899 28 18 !•>
3659 2902 53 14 ouvr.

3453 2919 38 16 bon
3504 2919 75 19 salaire,
3592 2920 27 18 88,
3633 2922 33 14 rue
3679 2919 33 16 des

3452 2939 144 19 Etangs-Noirs.
3646 2939 65 18 (B7607

3504 2977 152 17 PARFUMERIE

3455 2997 48 17 dem.
3523 2997 77 19 Représ,
3621 2997 49 17 actif
3689 3001 23 16 pr

3455 3017 67 16 Fland.
3536 3018 20 16 et
3571 3018 58 15 Brux.
3643 3018 28 17 11,
3686 3017 26 20 pl.

3454 3037 57 18 Bara,
3531 3037 103 17 Bruxelles.
3658 3037 55 18 (A117

3456 3070 32 15 ON
3503 3070 56 16 DEM.
3575 3071 48 15 BON
3638 3063 75 24 MEcX-

3455 3090 81 16 NICDZN
3553 3093 48 16 pour
3617 3090 95 17 entretien

3455 3109 61 19 autos,
3534 3109 54 20 place
3606 3110 67 16 stable.
3691 3118 22 5 —

3453 3129 97 17 Brasserie
3561 3130 21 16 F.
3593 3131 120 15 Moeremans

3455 3149 38 18 824,
3507 3149 30 16 ch.
3550 3150 25 17 de
3587 3151 63 18 Mons,
3663 3150 39 16 Bru-

3453 3169 47 16 xelle
3501 3172 19 13 s-
3521 3169 105 19 Veeweyde.
3658 3170 55 16 (A119

3454 3202 97 18 GARÇON
3574 3202 22 16 de
3608 3203 106 16 COURSES

3454 3222 30 16 est
3502 3222 48 16 dem.
3568 3222 63 17 S'adr.
3648 3222 56 17 Publi-

3455 3241 38 17 cité
3505 3242 64 19 Belga.
3584 3242 27 19 34,
3625 3242 88 17 Marché-

3454 3262 131 17 aux-PouIets.
3652 3263 62 18 (M114

3460 3295 146 17 MECANICIEN
3630 3295 77 20 spécial,

3454 3318 24 13 en
3491 3315 97 16 machines
3600 3315 23 17 de
3634 3315 79 19 bureau,

3454 3334 68 20 longue
3540 3335 87 20 pratique
3644 3335 20 17 et
3683 3336 31 17 1/2

3454 3355 85 16 ouvriers
3553 3356 44 16 sont
3611 3356 23 16 de
3635 3356 57 16 mand
3693 3356 20 16 és

3454 3378 40 13 exe.
3512 3375 67 17 «alalr.
3598 3376 115 18 DACTYLA,

3455 3395 43 18 64A,
3511 3398 16 14 r.
3539 3396 61 16 Mont.
3613 3399 18 13 a.
3642 3396 72 16 Herbes

3455 3415 108 19 Potagères.
3653 3416 60 17 (MUS

3454 3448 57 15 DEM.
3529 3447 182 19 démareheura(ses)

3455 3467 50 17 Gros
3527 3467 63 17 bénéf.
3611 3468 24 17 de
3657 3468 55 17 suite.

3455 3487 48 17 Mise
3523 3491 24 13 au
3566 3488 87 16 courant.
3670 3488 42 16 Ecr.

3455 3507 57 16 Dern.
3530 3507 62 18 Heure
3609 3511 20 13 n.
3648 3508 57 15 37752

3529 3540 108 16 PIANISTE

3455 3559 35 19 âgé
3509 3559 23 17 30
3551 3563 41 14 ans.
3613 3560 98 19 classique,

3455 3580 97 17 brasserie.
3570 3580 48 18 Jazz,
3638 3583 73 13 accom-

3454 3602 57 16 pagn.
3528 3600 88 19 expérlm.
3633 3600 78 19 Dlspon.

3454 3620 41 15 Ecr.
3513 3619 27 17 33.
3558 3622 35 14 rue
3611 3620 25 16 du
3653 3620 49 17 Méri-

3454 3639 50 18 dien.
3517 3639 27 17 33.
3674 3641 35 16 'Ml

3455 3672 97 16 IMPORT.
3572 3673 70 16 USINE
3663 3673 48 19 aggl.

3454 3692 53 16 brux.
3522 3692 40 16 dès.
3578 3696 42 16 eng.
3636 3694 75 15 contre-

3453 3711 53 17 malt,
3517 3711 23 17 de
3550 3712 95 19 caisserle,
3654 3713 57 19 empl.

3455 3731 37 16 d'à:
3502 3744 3 5 ,
3522 3731 110 18 alde-chlm.
3647 3732 64 18 Ecrire

3453 3751 57 16 Dern.
3521 3751 61 17 Heure
3592 3755 25 13 au
3626 3755 21 14 n.
3657 3752 54 17 AI26.

3512 3784 141 17 FOURRURES

3455 3804 75 17 ouvrier
3555 3804 99 20 spécialisé
3678 3805 29 16 est

3452 3823 99 20 demandé,
3565 3824 30 17 fre
3607 3828 55 13 conn.
3674 3824 36 17 réf.

3453 3844 20 16 et
3493 3843 49 20 prêt.
3562 3844 70 17 Ecrire.
3653 3844 57 17 Dern.

3453 3864 62 16 Heure
3528 3867 26 13 au
3567 3868 20 13 n.
3601 3865 53 16 A125.

3512 3897 140 17 FOURRURES

3459 3916 145 18 demi-ouvrière
3623 3917 82 20 garnlss.

3454 3936 109 17 demandée.
3576 3937 42 17 Ecr.
3632 3941 29 13 av.
3673 3937 38 17 réf.

3454 3957 19 15 et
3490 3956 83 20 prêtent,
3591 3957 13 17 fc
3621 3958 91 16 Dernière

3454 3976 62 17 Heure
3532 3980 24 13 au
3572 3980 21 13 n.
3610 3978 53 16 A125.

3455 4009 32 16 ON
3500 4009 114 17 DEMANDE
3627 4010 24 16 tr.
3665 4010 47 17 bons

3454 4029 85 16 ouvriers
3551 4029 100 19 ébénistes,
3665 4030 48 17 bons

3454 4048 85 18 salaires.
3555 4049 24 17 Se
3595 4049 84 20 présent,
3695 4050 17 17 le

3455 4069 61 16 matin
3528 4069 27 18 87,
3567 4072 34 15 rue
3612 4069 34 17 des
3657 4070 55 17 Atré-

3454 4088 61 18 bates,
3547 4089 27 18 87,
3605 4089 106 17 Bruxelles-

3454 4109 107 17 Etterbeek.
3657 4109 56 19 (Allé

3455 4142 37 16 Mr.
3509 4145 28 17 gr.
3555 4142 49 17 dem.
3621 4143 26 20 pl.
3664 4146 47 13 com.

3455 4162 72 18 portier
3540 4162 40 16 hôt.
3594 4165 24 14 ou
3632 4162 79 16 cinéma.

3455 4182 41 16 Ecr.
3508 4182 24 16 D.
3543 4182 24 17 H.
3579 4185 25 13 au
3615 4185 19 13 n.
3646 4181 64 17 B7774.

3455 4215 33 15 ON
3502 4214 56 16 DEM.
3571 4214 14 19 j.
3597 4214 20 17 h.
3631 4214 45 16 min.
3691 4214 21 16 16

3456 4237 24 16 a.,
3493 4238 24 16 pr
3530 4237 53 16 appr.
3598 4233 45 17 met.
3657 4233 54 17 vltr.-

3455 4254 76 17 encadr.
3545 4254 27 17 21.
3586 4257 16 13 r.
3615 4253 95 19 Beughem

3458 4274 42 19 régi.
3515 4274 99 16 Ste-Mar.)
3644 4273 66 16 (B7764

3726 2437 32 16 ON
3770 2438 57 16 DEM.
3839 2441 41 15 urg.
3892 2437 44 17 bon.
3948 2441 25 13 ou-

3725 2457 71 17 vrières
3813 2458 30 16 fin
3861 2458 26 16 Un
3889 2462 17 15 g.
3924 2458 59 17 main.

3724 2477 29 16 Au
3764 2477 52 17 Petit
3828 2478 76 19 Poucet,
3917 2477 66 17 ebaus.

3725 2497 92 19 d'IxeUes,
3833 2498 39 16 220.
3917 2498 66 18 (B7709

3772 2531 33 16 ON
3820 2531 115 16 DEMANDE

3759 2550 11 17 2
3782 2551 134 16 AJUSTEURS
3929 2551 21 16 et

3770 2571 12 16 2
3794 2571 144 17 TOURNEURS

3727 2591 29 16 Ire
3772 2590 58 17 force.
3845 2591 25 16 Se
3886 2590 97 20 présenter

3725 2610 17 16 le
3755 2610 61 17 matin
3830 2610 22 17 de
3866 2610 20 16 10
3898 2610 12 16 fc
3924 2610 19 16 11
3956 2610 26 19 h.,

3725 2630 27 19 41,
3768 2633 30 14 av.
3813 2631 41 16 Em.
3868 2630 114 18 Verhaeren,

3725 2650 124 16 Schaerbeek.
3929 2650 54 17 (A107

3753 2674 229 41 GÉRANCE"

3724 2723 34 16 Les
3778 2724 206 16 ETABLISSEMENTS

3790 2743 128 17 «MODELIA»

3725 2763 16 18 7,
3751 2763 50 18 Quai
3811 2766 25 13 au
3846 2763 46 16 Bols
3902 2763 23 16 de
3933 2763 41 16 Con-

3747 2783 100 18 struction,
3859 2783 103 18 Bruxelles,

3726 2803 115 16 demandent
3868 2806 49 16 pour
3943 2802 41 17 leur

3726 2826 83 13 suceurs,
3828 2823 23 16 de
3869 2822 114 20 Molenbeek,

3726 2843 61 16 bonne
3806 2843 86 19 gérante,
3914 2846 25 13 au
3958 2843 26 17 ct.

3726 2863 25 16 du
3772 2866 103 14 commerce
3896 2863 23 16 de
3939 2865 35 14 cou-

3726 2883 43 17 ture
3782 2883 27 19 et,
3824 2883 16 16 si
3854 2883 69 20 posslb,
3938 2886 36 13 con-

3726 2904 88 15 naissant
3830 2903 18 17 le
3863 2903 87 19 français
3964 2904 20 15 et

3725 2923 18 17 le
3759 2923 94 17 flamand.
3936 2923 48 18 (M97

3731 2957 95 17 FABRIQ.
3850 2957 128 16 DRAPEAUX

3776 2976 20 16 et
3814 2975 119 17 ECUSSONS

3727 2995 48 17 dem.
3789 2995 108 20 personnel.
3912 2995 22 16 B.
3949 2995 34 16 sal.

3726 3015 76 17 Travail
3822 3014 71 18 assuré.
3912 3016 25 15 Se
3955 3018 28 16 pr.

3727 3035 58 19 74-76,
3800 3038 35 14 rue
3850 3035 46 17 Père
3911 3034 72 18 Eudore

3726 3055 90 20 Devroye,
3833 3055 12 17 fc
3862 3055 121 16 Woluwe-St-

3726 3075 70 16 Pierre.
3918 3074 65 19 (B7731

3731 3108 75 16 FIRME
3823 3107 155 17 IMPORTANTE

3726 3127 90 17 mercerie
3832 3131 25 13 en
3874 3131 45 16 gros
3936 3127 47 17 dem.

3726 3147 134 19 représentant
3872 3151 23 16 pr
3906 3148 77 17 Anvers,

3725 3167 101 19 provinces
3850 3167 91 17 d'Anvers
3965 3169 19 15 et

3726 3187 92 17 Hainaut.
3833 3187 71 17 Inutile
3918 3187 17 16 si
3949 3190 35 17 pas

3726 3207 92 16 excellent
3831 3207 89 17 vendeur.
3933 3207 50 16 Ecr.:

3726 3228 45 16 0-33
3785 3228 32 18 Ag.
3832 3228 69 15 Havas.
3906 3228 76 15 IH15004

3732 3261 74 15 FIRME
3825 3261 152 16 IMPORTANTE

3727 3280 49 17 dem.
3791 3280 103 17 facturlère
3907 3279 75 20 téléph.,

3726 3299 125 20 magaslnlère
3864 3301 19 16 et
3890 3300 93 19 employée

3728 3323 24 13 au
3771 3321 81 16 courant
3871 3320 112 17 classement

3727 3340 68 19 franc.,
3811 3340 93 17 flamand,
3920 3339 62 17 début,

3727 3360 65 17 s'abst.
3810 3360 64 17 Ecrire
3892 3361 22 15 U.
3933 3360 21 16 77
3971 3360 11 16 fc

3727 3381 73 19 Agence
3816 3380 70 16 Havas.
3906 3380 76 18 (H15004

3728 3413 31 17 ON
3774 3413 56 16 DEM.
3842 3412 49 17 bons
3906 3413 7 15 1
3922 3413 14 15 "3
3950 3415 23 14 ou-

3726 3433 60 16 vriers
3794 3432 96 17 ébénistes
3899 3433 21 16 et
3930 3435 52 16 appr.

3727 3453 59 19 ayant
3816 3452 44 18 déjfc
3890 3452 92 17 travaillé.

3727 3473 40 17 Van
3779 3473 46 18 Roy.
3839 3473 27 17 13,
3879 3475 33 14 rue
3924 3472 49 16 Geor-

3726 3496 32 15 ges
3775 3492 28 17 dit
3818 3492 94 19 Marchai,
3929 3491 26 18 13,
3971 3492 12 17 fc

3726 3512 122 20 Koekelberg.
3918 3512 64 18 (B7514

3732 3546 68 15 arch.
3803 3546 94 15 -décor,
3928 3544 49 17 dem.

3725 3565 91 16 dessinât.
3835 3565 16 17 9,
3871 3564 110 17 Mché-sux-

3725 3584 69 19 Peaux,
3813 3584 82 17 Bruxell.
3918 3584 64 17 (B7723

3746 3618 219 44 ELECTRICITE

3724 3673 31 17 On
3773 3673 48 17 dem.
3838 3673 38 16 bon
3894 3673 87 16 boblneur

3725 3693 19 16 et
3770 3693 94 18 monteur,
3892 3693 40 16 très
3958 3695 23 13 au

3724 3713 82 16 courant
3827 3713 63 19 partie
3911 3713 71 16 moteur

3725 3732 34 16 ait.
3779 3732 21 17 et
3819 3733 51 16 cont.
3890 3732 24 17 Se
3934 3732 46 20 prés.

3725 3752 27 19 31,
3769 3751 30 17 ch.
3815 3752 97 16 d'Anvers.
3946 3751 34 17 (Ml

3726 3785 95 16 GARAGE
3845 3785 136 16 IMPORTANT

3725 3804 81 17 cherche
3826 3804 25 17 de
3873 3804 49 17 suite
3943 3807 29 14 em-

3725 3824 55 19 ployé
3794 3824 85 17 caissier.
3892 3832 23 5 —
3927 3824 53 16 Taire

3726 3844 49 17 offre
3790 3844 39 16 écr.
3845 3845 12 16 fc
3872 3844 58 17 Dern.
3945 3843 35 17 Hre

3725 3867 25 13 au
3763 3867 20 13 n.
3794 3864 55 17 A108.

3771 3897 33 15 ON
3822 3897 114 17 DEMANDE

3723 3917 106 16 PREMIER
3841 3917 139 16 BOULANGE!

3813 3936 84 20 capable,

3725 3956 38 17 bon
3796 3957 75 18 salaire,
3899 3956 81 17 externe.

3727 3976 37 19 Ml,
3787 3980 35 13 rue
3845 3977 22 16 de
3891 3976 88 17 Brabant.

3725 3996 40 17 Tél.
3784 3997 82 16 17.86.31.
3916 3995 64 19 (B7530

3726 4030 52 16 Dem.
3806 4030 74 15 JEUNE
3908 4030 71 16 EMPL..

3726 4050 40 16 not.
3798 4049 76 19 compt..
3907 4048 73 19 dactyl,

3726 4069 63 20 fr.-n.,
3811 4069 36 18 Î45,
3869 4071 34 15 rue
3924 4069 55 16 Sans*

3726 4089 60 17 Souci.
3803 4089 75 17 Ixelles.-
3917 4088 62 18 (B7564

3726 4122 130 17 Torréfaction
3874 4122 43 17 café
3934 4121 45 17 dem.

3726 4141 50 17 hom.
3794 4141 19 17 b.
3833 4145 49 12 cour,
3902 4142 20 16 et
3941 4144 38 17 cap.

3726 4161 54 19 dlrlg.
3808 4164 50 17 pers.
3886 4161 93 17 Situation

3726 4181 91 16 d'avenir.
3836 4181 37 19 145,
3891 4185 16 13 r.
3924 4182 54 15 Sans-

3725 4201 60 18 Souci,
3802 4201 74 17 Ixelles.
3917 4200 62 19 (B7564

3725 4234 20 15 B.
3761 4234 67 16 RAPP.
3841 4235 20 16 et
3875 4238 31 13 av.
3919 4237 37 14 ass.
3969 4232 10 17 à

3724 4254 36 15 Mr.
3776 4254 18 16 b.
3809 4257 29 16 pr.
3853 4254 21 17 et
3889 4254 25 17 tr.
3929 4253 50 17 Poot,

3725 4273 37 20 117,
3774 4276 30 14 av.
3816 4274 97 16 Cerisiers.
3917 4273 62 17 fB7TM

3453 4304 86 16 JEUNES
3553 4304 121 16 ELEMENTS
3687 4297 167 23 MASCULrNS~ët
3869 4296 110 24 FEMINTNÏ

3453 4323 60 19 ayant
3528 4322 48 17 belle
3591 4322 88 19 écriture,
3695 4323 90 16 connalas
3808 4323 61 20 franc,
3885 4324 22 16 et
3923 4323 56 18 flam-,

3452 4343 44 16 sont
3506 4342 108 19 demandés.
3625 4342 56 17 Faire
3691 4342 51 17 offre
3754 4343 60 15 «Dern
3833 4344 48 16 Hre»
3894 4346 18 14 n.
3925 4342 55 18 B7870

3452 4372 33 16 ON
3498 4371 113 17 DEMANDE
3625 4371 100 17 PLACIER
3738 4375 24 12 ou
3777 4371 82 19 placlère
3872 4375 49 16 pour
3934 4373 37 15 Bru-

3452 4391 57 16 xelles
3520 4391 20 16 et
3552 4391 88 18 province
3652 4394 23 16 pr
3686 4391 56 16 vente
3755 4391 83 19 insignes
3851 4391 127 19 patriotique*.

3453 4411 69 16 S'adr.:
3541 4411 27 17 14,
3575 4414 15 12 r.
3598 4410 23 16 de
3629 4411 19 15 la
3655 4410 39 18 Clé,
3701 4411 102 18 BruxeUes,
3812 4411 20 15 16
3839 4410 12 16 fc
3859 4411 11 17 S
3877 4411 19 18 h.
3918 4410 62 18 fB788l

3508 4441 287 31 IMPORTANTE
3818 4433 149 39 USINE"

3550 4486 93 17 demande
3657 4490 48 16 pour
3718 4486 64 17 entrée
3796 4486 110 18 Immédiat*

3453 4514 196 42 EXCELLENT
3657 4513 323 43 CORRESPONDANT

3494 4568 126 16 connaissant
3652 4568 137 20 parfaitement
3822 4567 27 17 les
3882 4568 81 20 langues

3494 4588 111 19 étrangères
3619 4589 21 16 et
3653 4589 60 18 ayant
3728 4587 62 17 bonne
3804 4588 94 19 pratique,
3913 4591 48 17 pour

3495 4607 73 20 rédiger
3588 4608 20 16 la
3628 4607 166 20 correspondance.
3815 4608 76 16 Bonnes
3911 4608 40 16 réfé-

3495 4631 66 13 rences
3583 4627 79 20 exigées.
3686 4627 63 17 Ecrire
3771 4629 41 17 âge,
3836 4627 124 19 prétentions,

3495 4647 120 19 nationalité,
3630 4646 107 17 «Dernière
3750 4647 62 15 Heure
3827 4652 9 10 >
3849 4650 26 13 au
3889 4650 19 14 n.
3922 4648 15 16 A
3951 4645 27 18 131

3454 4677 70 31 Firme
3546 4677 27 32 de
3595 4677 132 36 Transports
3750 4675 68 32 Frans
3841 4675 137 33 WEEMAELS

3452 4720 72 16 engage
3539 4717 161 17 Immédiatement
3709 4720 5 12 :
3732 4717 18 15 1»
3765 4715 61 17 CHEF
3842 4716 135 19 COMPTABLE

3453 4737 31 17 Ire
3503 4738 57 18 force,
3580 4736 82 16 sachant
3680 4735 71 20 diriger
3770 4736 109 19 personnel;
3900 4737 19 15 2"
3938 4736 33 17 EM-

3453 4757 75 17 PLOYE
3544 4757 23 15 de
3582 4756 70 16 bureau
3668 4755 40 16 très
3723 4755 54 19 actif,
3793 4755 185 19 français-flamand.

3452 4777 37 16 bon
3502 4776 122 19 calculateur,
3636 4774 83 20 dactylo;
3734 4775 19 15 3"
3766 4775 149 17 MAGASINIER
3928 4776 42 16 fran-

3453 4796 49 19 çais-
3503 4795 91 18 flamand,
3623 4794 40 17 très
3690 4798 24 13 au
3742 4796 82 15 courant
3846 4795 62 18 pièces
3928 4795 49 17 auto;

3453 4817 20 14 4»
3489 4815 157 17 MECANICIENS
3661 4814 24 17 de
3701 4815 31 16 Ire
3748 4814 58 17 force.
3832 4821 5 3 -

3473 4835 24 17 Se
3511 4834 97 20 présenter
3618 4838 4 12 :
3638 4834 16 19 4,
3669 4833 54 20 place
3738 4833 94 20 Alphonse
3847 4834 103 19 Lemmens,
3963 4834 14 16 4,

3453 4858 44 13 avec
3515 4853 111 18 références.
3916 4851 62 21 (B784X

3125 4948 85 28 Etude
3227 4949 38 27 de
3284 4950 126 26 l'huissier
3429 4947 181 29 BIESEMANS
3622 4962 9 6 -
3643 4947 121 27 Vilvorde

3068 5011 165 86 W3o\t\
3244 5016 565 81 k$)frmh£êwLTe\h\s

3082 5114 48 35 M
3142 5116 191 32 OCHAU

3071 5151 138 35 **-__t9L_9
3226 5161 110 22 BRUXEL

3341 5113 87 29 SSÊE
3458 5115 183 25 D'ANVERS

3227 5161 252 21 BRUXELLES-NORD
3487 5160 34 19 -T.
3530 5160 108 19 17.49.90
3657 5150 131 32 ■***i__4lP

3153 5205 89 21 JEUDI
3257 5206 26 20 21
3300 5205 182 22 SEPTEMBRE,
3498 5206 16 19 à
3530 5205 12 18 9
3558 5204 23 18 lu
3598 5204 24 18 et
3638 5209 14 14 »
3670 5203 24 19 14
3711 5202 23 20 h.

3012 5243 115 41 VENTE
3148 5243 185 45 PUBLIQUE
3352 5243 88 42 D'UN
3462 5241 216 42 IMPORTANT
3697 5241 176 42 MOBILIER

2989 5307 22 17 30
3026 5307 130 17 MOBILIERS
3172 5308 124 17 COMPLETS
3312 5308 47 17 dont
3370 5307 94 19 plusieurs
3480 5309 16 16 s.
3513 5306 12 16 fc
3542 5309 33 16 m.;
3592 5305 31 18 ch.
3641 5306 11 15 fc
3669 5309 10 12 c
3689 5310 4 14 ;
3712 5306 149 17 ameublements
3877 5306 24 17 de

2990 5330 91 19 bureaux;
3105 5331 64 15 salons
3191 5331 168 18 ultra-modernes;
3371 5330 82 16 meubles
3466 5329 78 16 anciens
3557 5332 24 13 ou
3595 5329 23 16 de
3631 5329 54 18 style.
3699 5337 10 8 •
3722 5329 78 17 Grande
3813 5329 88 19 quantité

2988 5354 25 16 de
3022 5353 83 17 meubles
3114 5353 118 20 dépareillés.
3243 5355 88 17 BIJOUX
3338 5362 9 5 -
3354 5352 126 19 TABLEAUX
3493 5360 10 5 -
3518 5353 150 16 ARGENTERIE
3683 5360 10 6 -
3707 5354 68 16 TAPIS
3789 5353 113 16 D'ORIENT

2989 5377 30 17 ET
3031 5377 117 17 D'EUROPE
3161 5386 9 4 -
3183 5378 86 17 PIANOS
3282 5386 10 5 -
3304 5378 65 17 BRON
3370 5377 42 16 ZES
3430 5387 9 5 _
3458 5376 142 16 FOURRURES
3618 5386 10 5 -
3647 5376 119 17 CRISTAUX
3785 5383 10 5 -
3813 5376 78 16 PORCE-

2989 5400 83 17 LAINES
3087 5408 9 5 -
3112 5401 191 17 COFFRES-FORTS
3319 5410 9 5 -
3342 5399 88 18 DIVERS
3439 5403 5 12 :
3460 5399 63 17 mach.
3537 5399 12 16 fc
3564 5398 66 21 écrire,
3646 5399 62 17 mach.
3723 5399 12 16 fc
3750 5398 76 19 coudre;
3842 5398 49 17 cuisi-

2990 5423 67 19 nières,
3077 5423 44 17 feux
3139 5424 96 20 continus,
3253 5425 65 19 postes
3335 5424 24 16 de
3370 5423 67 17 TSF.,
3457 5422 72 19 spldex,
3548 5422 57 19 vélos,
3624 5423 37 16 etc

2990 5450 143 17 EXPOSITION
3153 5455 6 13 :
3178 5451 93 18 Mercredi
3288 5451 22 16 30
3327 5449 112 21 septembre,
3457 5449 24 17 de
3499 5449 12 16 9
3529 5448 12 17 fc
3561 5449 21 17 18
3599 5450 74 16 heures.

2358 5590 57 19 Impr.
2433 5589 84 17 Edmond
2535 5589 90 17 Morsatn.
2643 5589 16 17 3.
2678 5592 33 13 rue
2728 5588 23 17 de
2769 5589 19 16 la
2805 5588 74 16 Probité
2894 5584 5 22 |

2358 5609 177 17 Ixelles-Boendael.
2550 5617 21 4 —
2585 5609 95 16 Bureaux:
2696 5608 33 17 Sté
2744 5612 26 13 sn
2791 5608 94 17 d'Edition

2358 5633 20 14 •;
2390 5630 23 17 de
2425 5630 96 18 Publicité.
2534 5629 28 19 53,
2573 5632 35 14 rue
2620 5629 25 17 du
2657 5628 108 18 Pont-Neuf
2784 5628 102 17 Bruxelles.

3075 5511 171 20 PROCHAINE
3266 5510 92 21 BICHE
3372 5509 95 20 VENTE
3485 5509 140 20 SPECIALE
3642 5508 197 21 CATALOGUEE

3322 5542 75 17 LUNDI
3416 5542 12 16 t
3448 5542 110 17 OCTOBRE

2990 5569 141 18 CATALOGUE
3153 5571 32 16 EN
3206 5569 165 18 PREPARATION
3388 5577 23 4 —
3438 5569 168 19 Renseignements
3630 5572 6 13 :
3658 5567 39 18 Tél.
3721 5567 76 16 17.43.00
3824 5568 16 16 il
3852 5568 49 16 D335

3894 5822 7 38 I
