4278 6176
2258 9 2 2 ■

1906 182 49 28 ■TO
1984 182 50 29 C*
2050 187 166 25 DerhTfcre
2235 185 115 24 Heure
2377 180 71 35 iTO;

365 245 6 5 -

707 222 61 42 m

218 292 298 45 DEMANDEZ
560 291 228 50 CHAQUE
835 291 127 49 [OUR

201 402 29 55 g
341 373 68 61 La
425 371 235 61 Dernière
676 370 162 63 Heure

215 467 22 33 è
256 471 87 26 votre
362 464 172 32 marchand
555 475 43 20 ou
620 460 342 35 ABONNEZ-VOUS

341 531 63 34 AU
434 530 194 35 BUREAU
653 530 187 35 POSTAL

1520 272 937 241 Dernière

1885 540 237 37 MERCREDI
2144 545 24 31 3
2188 539 104 36 JUIN
2315 540 92 32 1936

3382 286 20 48 fl
3426 282 130 56 IMUE.,
3582 281 116 51 IÏIALIH
3725 280 38 50 Eï
3787 279 91 51 DEIY1I

3465 382 32 33 Si
3523 389 87 26 votre
3637 388 185 26 concurrent
3846 387 48 26 est
3917 392 90 20 assez
4032 379 97 35 malin

3465 444 81 28 pour
3566 429 120 35 utiliser
3706 430 47 33 les
3773 428 116 34 Petites
3902 428 177 34 Annonces
4091 428 40 35 de

3470 484 22 12 "
3502 479 47 34 La
3571 479 148 34 Dernière
3733 477 110 36 Heure
3855 475 35 38 ".
3911 474 138 44 soyez-le
4060 475 72 42 plus

3466 542 65 28 que
3553 528 45 34 lui
3622 541 42 21 en
3687 535 187 34 annonçant
3896 525 76 42 plus
3991 537 66 29 qne
4077 524 53 36 lui.

190 729 8 6 .
223 712 5 20 :

1148 668 757 145 L'ESPRIT
2000 668 225 141 EN
2320 664 885 165 BELGIQUE

749 1867 89 22 Dessin
858 1867 79 22 Inédit
956 1867 32 22 de
1008 1867 93 22 Marcel
1122 1866 114 25 Antoine.

2692 1525 152 22 ETHIOPIE

2508 1576 30 6 —
2552 1566 110 21 Invalide
2679 1565 16 22 i
2712 1566 28 21 50
2758 1565 24 26 %
2792 1566 14 22 T

2508 1609 30 7 —
2550 1599 57 22 Non
2622 1599 9 22 !
2648 1599 98 22 Civilisé
2761 1600 41 22 100
2819 1599 24 26 %
2861 1600 8 21 !

2683 1640 90 22 Dessin
2793 1639 80 24 Inédit
2893 1640 32 23 de
2945 1640 82 27 Posty.

3103 1562 31 6 —
3146 1551 78 26 Alors,
3240 1552 167 25 jouons-nous
3424 1550 181 23 honnêtement
3622 1555 32 17 ou

3077 1591 95 17 comme
3190 1585 144 23 d'habitude
3343 1586 13 21 ?

3260 1638 91 24 Dessin
3369 1638 81 24 inédit
3467 1638 54 23 d'A.
3538 1639 89 22 Dever.

1401 1717 116 21 COMME
1538 1717 43 21 ON
1601 1717 132 22 CHANGE
1754 1715 9 23 !

1312 1770 150 23 Silhouettes
1469 1770 55 22 1906
1643 1769 150 23 Silhouettes
1799 1769 56 22 1936

1500 1817 89 22 Dessin
1601 1816 79 23 Inédit
1692 1817 31 22 de
1735 1816 106 27 Dorchy.

117 2432 44 23 Mit
175 2431 107 23 chemise
296 2437 18 16 a
326 2431 56 22 l'air
395 2431 58 22 bien
469 2431 77 23 sale...
571 2441 31 6 —
615 2430 28 23 Sl
662 2430 26 26 Je
708 2430 27 22 la
755 2430 155 23 retournais..

1017 2441 30 5 —
1058 2430 62 24 Une,
1132 2430 65 21 deux
1211 2429 8 22 !
1234 2430 31 23 Et
1277 2428 65 23 voilà
1356 2429 9 23 t

1437 2440 30 6 —
1479 2429 40 21 Ah
1533 2429 8 21 !
1556 2429 73 26 qu'on
1640 2429 39 22 est
1691 2428 58 22 bien
1760 2429 64 21 dans
1836 2428 35 22 du

1425 2455 66 27 linge
1504 2460 90 22 propre
1609 2455 10 23 !

1429 2483 91 28 Dessin
1539 2488 80 23 Inédit
1638 2488 31 23 de
1688 2489 154 26 Lempeiyur.

3704 1661 30 6 —
3748 1651 31 21 Et
3796 1650 61 22 c'est
3874 1649 66 22 ainsi
3958 1654 48 21 que
4023 1653 62 18 vous
4101 1654 92 20 revenez
4207 1655 17 23 lt

3676 1676 101 27 congé?

3703 1714 31 6 —
3746 1703 49 23 J'ai
3805 1708 32 17 eu
3847 1703 25 22 le
3882 1703 98 25 typhus,
3992 1707 60 17 mon
4064 1705 159 25 commandant

3880 1729 91 23 Dessin
3988 1728 80 24 inédit
4084 1729 30 22 de
4129 1730 81 25 Lenolr.

2572 2410 18 20 C
2602 2405 155 23 BlOMMAtRT

2183 2436 38 22 LE
2236 2435 165 23 CANDIDAT
2416 2435 62 22 ELU

1929 2472 30 8 —
1972 2461 82 26 Chéri,
2065 2462 29 23 tu
2105 2468 43 17 vas
2160 2462 38 23 les
2214 2461 65 23 tenir
2293 2461 167 25 maintenant,
2477 2461 39 22 tes
2531 2466 137 21 promesses
2685 2461 14 22 T

2309 2488 90 22 Dessin
2419 2487 79 23 inédit
2519 2488 31 22 de
2570 2487 160 23 Blommaert.

186 2610 111 81 UNE
348 2610 225 81 AFFAIRE
626 2608 587 83 D'EMPOISONNEMENT

3707 2797 36 21 La
3755 2797 58 21 ville
3824 2797 121 21 d'Anvers
3956 2802 33 16 va
4000 2796 97 22 bientôt
4109 2796 123 27 aménager

3707 2822 27 22 la
3744 2823 101 21 Maison
3856 2823 32 22 de
3901 2824 100 20 Rubens
4013 2829 34 16 en
4057 2823 85 22 musée
4152 2828 69 17 consa-

3707 2849 42 22 cré
3768 2854 51 17 aux
3837 2850 128 21 souvenirs
3985 2850 35 21 du
4039 2850 79 25 grand
4138 2851 94 25 peintre.

3708 2876 41 22 On
3762 2881 17 20 y
3792 2881 73 17 verra
3878 2877 45 21 des
3937 2877 88 25 objets,
4039 2877 45 21 des
4097 2877 135 21 documents

2801 2900 45 21 ON
2862 2900 21 21 A
2900 2899 224 22 RECONSTITUÉ
3143 2899 42 22 LA
3204 2900 37 21 SC
3243 2899 61 22 ENE
3322 2900 47 22 DU
3388 2901 270 22 COURONNEMENT
3706 2902 28 21 et
3751 2902 45 22 des
3814 2903 119 25 portraits
3951 2903 33 22 de
4002 2904 101 21 Rubens
4120 2904 28 21 et
4162 2903 30 21 de
4206 2908 27 17 sa

2801 2926 48 22 DU
2869 2926 59 22 ROI
2950 2926 157 22 EDOUARD
3120 2926 42 26 I",
3175 2926 145 22 PREMIER
3334 2927 120 22 PRINCE
3467 2928 45 22 DE
3527 2928 132 23 GALLES.
3707 2928 104 22 famille.
3823 2929 76 24 Voici,
3911 2929 17 21 à
3941 2935 30 16 ce
3983 2929 75 26 sujet,
4072 2937 10 12 •
4098 2930 44 21 Les
4153 2929 40 21 fils
4204 2930 28 20 de

3550 2966 31 5 —
3597 2955 32 22 G.
3707 2955 102 22 Rubens
3826 2963 13 12 »
3860 2955 111 25 (Galerie
3987 2956 32 21 de
4034 2956 115 24 Dresde).
4160 2966 28 6 —
4201 2956 30 21 X

149 3563 65 21 UNE
231 3562 176 25 QUINZAINE
424 3563 193 23 D'OUVRIERS
634 3564 43 21 DE
698 3563 101 22 CETTE
834 3563 163 26 FABRIQUE
1031 3563 204 23 D'OVERPELT,

149 3589 86 22 DANS
256 3589 41 21 LA
317 3590 163 22 PROVINCE
500 3591 44 21 DE
565 3590 181 24 LIMBOURG,
779 3590 67 21 ONT
878 3589 59 22 ÉTÉ
971 3590 154 22 VICTIMES
1158 3590 77 21 D'UN

150 3615 269 24 COMMENCEMENT
454 3616 329 22 D'EMPOISONNEMENT
798 3616 65 22 PAR
878 3616 39 22 LE
933 3616 82 22 LAIT.
1030 3616 40 22 LE
1085 3616 151 25 PARQUET

470 3643 154 22 INSTRUIT
644 3643 172 22 L'AFFAIRE.
834 3653 30 6 —
882 3642 30 23 A.

1332 3631 41 22 CE
1389 3630 98 26 QU'ON
1503 3631 122 22 AURAIT
1641 3631 43 23 PU
1701 3632 96 22 PAIRE
1814 3631 152 23 PENDANT
1984 3632 59 22 LES
2062 3631 97 24 FÊTES
2179 3633 45 22 DE
2242 3632 42 22 LA
2303 3631 102 22 PENTE-

1528 3657 90 26 COTE,
1633 3658 31 22 SI
1677 3658 39 22 LE
1729 3659 106 22 TEMPS
1849 3658 126 23 L'AVAIT
1990 3659 128 24 PERMIS.
2133 3670 29 7 —
2178 3659 32 23 G.

2478 4092 35 21 M.
2530 4091 111 22 Maurice
2658 4092 101 23 Thorez,

2480 4117 91 26 député
2598 4117 163 22 communiste

2482 4143 117 27 français,
2625 4149 18 17 a
2668 4143 93 26 précisé

2481 4171 35 20 les
2529 4176 59 16 vues
2599 4170 32 22 de
2642 4175 45 16 son
2695 4169 66 26 parti

2481 4202 43 15 sur
2552 4197 23 21 le
2604 4196 99 22 cabinet
2730 4196 31 21 de

2523 4222 107 22 demain.
2646 4233 30 6 —
2691 4223 29 21 T.

2881 4209 11 11 •
2908 4201 79 23 AIDA
3002 4210 20 19 .,
3035 4202 92 24 MÈRE
3144 4203 44 23 DE

3301 4167 40 22 LE
3360 4168 60 22 JEU
3440 4168 83 22 CHEZ
3543 4169 58 23 LES
3622 4170 157 23 ANIMAUX

3238 4204 83 23 ORJE
3338 4213 21 18 »,
3376 4205 83 23 JOUE
3476 4207 83 21 AVEC
3578 4207 64 22 SON
3660 4208 137 26 ENFANT,
3811 4210 45 22 AU
3870 4211 65 23 ZOO
3948 4212 44 23 DE
4005 4213 129 24 BERLIN.
4145 4225 31 6 —
4187 4213 27 23 O*

158 4590 42 22 LA
218 4590 140 21 FAMILLE
375 4591 114 25 NOOTS,
507 4592 22 21 A
547 4591 118 23 KLEINE
678 4592 138 25 BROGEL,
839 4593 22 21 A
884 4592 75 22 SUBI
981 4592 46 22 UN
1049 4592 180 22 COMMENCE-

158 4616 91 22 MENT
269 4617 333 23 DEMPOISONNEMENT.
622 4619 58 22 LES
702 4619 106 22 NOOTS
821 4619 139 22 AVAIENT
972 4619 44 22 BU
1029 4618 39 22 LE
1080 4618 105 22 MATIN
1197 4618 48 21 DU

159 4642 75 21 LAIT
251 4642 58 25 QUI
327 4643 97 21 AVAIT
442 4643 161 23 SÉJOURNÉ
619 4645 42 21 LA
677 4645 81 21 NUIT
773 4645 127 22 DEVANT
916 4645 84 22 LEUR
1014 4645 106 21 PORTE
1136 4645 41 21 ET
1191 4644 66 25 QUI,

158 4667 172 24 L'ANALYSE
347 4669 39 21 LE
404 4670 129 23 REVELA.
551 4671 185 21 CONTENAIT
757 4671 43 21 DE
821 4671 170 22 L'ARSENIC.
1012 4671 65 22 UNE
1098 4670 146 26 ENQUÊTE

159 4695 61 23 BST
234 4695 108 22 MENÉE
357 4694 41 22 PA
397 4696 24 21 R
435 4696 41 21 LA
491 4698 15 21 J
505 4697 117 22 USTICE
636 4697 89 22 POUR
745 4697 99 22 JETER
868 4697 42 22 LA
934 4697 143 22 LUMIÈRE
1104 4698 64 21 SUR
1186 4697 58 21 LES

160 4719 144 25 DESSOUS
326 4722 44 21 DE
394 4722 101 22 CETTE
519 4723 136 22 AFFAIRE
679 4723 59 26 QUI
771 4723 121 22 AURAIT
928 4724 43 22 PU
1009 4724 153 22 TOURNER
1201 4723 42 22 EN

594 4749 172 23 TRAGÉDIE.
782 4759 30 6 —
828 4750 29 22 A.

1368 4728 30 6 —
1409 4717 89 23 CEST
1532 4717 90 22 POUR
1657 4717 110 25 MINET,
1803 4717 81 23 MAIS
1905 4718 91 22 DEUX
2020 4719 124 24 AUTRES
2168 4720 149 23 LARRONS
2343 4719 84 22 SONT

1760 4744 22 21 A
1795 4743 134 23 L'AFFUT
1945 4745 36 22 !...
1994 4756 29 5 —
2036 4746 32 22 X.

2666 4361 99 15 *Mr*wir
2782 4361 18 13 m
2820 4361 34 16 *__^
2851 4361 11 10 m
2859 4361 40 16 *M^
2897 4361 10 6 m
2904 4361 124 24 m^^^Ê^-*s*
3025 4361 16 10 r
3039 4361 43 13 »**^
3217 4361 30 11 ^
3264 4361 46 13 ■*s*"
3309 4361 9 6 m
3316 4362 21 11 mt*
3335 4361 23 8 mr
3372 4361 19 11 m
3415 4361 21 11 m*
3462 4361 15 7 **»
3501 4361 19 12 m
3533 4361 23 12 *»
3588 4361 20 3 ***-
3624 4361 20 5 ■****
3653 4361 38 13 •*sw
3689 4361 10 6 m
3696 4361 25 13 ^*
3719 4361 19 7 wm
3735 4361 131 15 gw-~^^m^^m
3890 4361 73 13 -m-m*w

2672 4404 1369 237 BYRRH

2956 4658 211 87 Vin
3198 4664 129 81 de
3362 4660 437 113 tXqwevJi

1228 4850 4 3 .

1336 4930 677 129 \MldrtmVi
2050 4942 487 111 COMME
2550 4942 451 115 CELA...

1546 5112 52 33 Un
1614 5110 152 34 sommeil
1788 5109 116 38 calme,
1925 5108 146 43 paisible,
2090 5119 62 33 pro-

1504 5157 116 33 fond...
1642 5156 97 43 Signe
1766 5153 168 34 infaillible
1957 5154 42 32 de
2025 5154 30 32 la
2074 5156 94 32 santé

1504 5203 42 32 de
1561 5201 149 36 l'enfant,
1727 5200 19 33 il
1766 5210 40 22 en
1823 5206 53 26 est
1893 5202 83 29 aussi
1996 5198 30 33 le
2041 5199 129 35 facteur

1504 5246 128 43 capital.
1644 5246 49 32 Ce
1708 5255 99 32 repos
1819 5244 194 33 bienfaisant
2026 5244 143 42 dépend,

1505 5302 41 22 en
1566 5295 145 38 majeure
1730 5293 116 39 partie,
1860 5289 43 32 du
1919 5298 95 32 repas
2030 5289 44 32 du
2091 5292 79 32 soir.

1507 5338 55 32 Pas
1583 5337 43 31 de
1650 5339 211 29 nourritures
1890 5337 165 33 massives,
2074 5334 79 34 forti-

1506 5382 118 34 fiantes
1643 5383 78 32 mais
1737 5381 177 41 indigestes
1934 5379 11 33 !
1970 5378 186 34 L'alimenta-

1505 5430 73 30 tion
1608 5425 229 35 substantielle
1874 5434 65 32 que
1973 5424 140 33 réclame
2145 5425 29 34 la

1507 5475 185 30 croissance
1715 5471 42 31 de
1776 5469 137 33 l'enfant
1936 5469 73 32 doit
2032 5468 41 33 lui
2098 5470 74 32 être

1508 5517 134 33 donnée
1669 5525 78 23 sous
1774 5524 64 22 une
1862 5514 110 32 forme
1998 5513 175 43 digestible

1509 5568 40 27 et
1562 5560 190 35 facilement
1768 5557 206 34 assimilable.

2257 5108 260 38 L'Ovomaltine,
2550 5110 164 34 véritable
2747 5110 137 34 aliment

2215 5153 159 43 complet,
2383 5154 194 32 combinant
2584 5161 117 27 toutes
2714 5154 48 34 les
2773 5155 112 33 forces

2215 5204 147 29 vivantes
2393 5206 186 26 contenues
2612 5200 80 32 dans
2724 5199 48 34 les
2805 5201 63 32 sub-

2216 5252 129 25 stances
2364 5243 47 32 les
2434 5243 72 42 plus
2529 5248 256 34 nourrissantes,
2807 5245 78 32 malt

2216 5290 96 42 (orge
2328 5288 162 42 germée),
2507 5288 57 33 lait
2582 5299 73 33 pur,
2670 5293 98 39 jaune
2783 5291 102 30 d'oeuf

2218 5336 76 32 frais
2309 5333 124 42 pondu,
2444 5335 95 31 meta
2549 5334 28 33 la
2587 5336 121 40 portée
2719 5335 42 32 de
2769 5341 116 26 toutes

2218 5380 46 32 les
2289 5379 108 32 mères
2421 5388 39 23 ce
2483 5380 126 42 régime
2633 5379 82 33 idéal
2739 5380 43 32 du
2805 5383 79 29 soir.

2216 5425 202 30 L'Ovomaltine
2423 5426 122 36 favorise
2559 5427 29 28 la
2602 5426 136 37 digestion
2752 5426 38 29 du
2800 5427 51 28 lait
2861 5432 25 23 et

2217 5465 45 28 des
2281 5462 112 39 farines
2418 5470 25 21 et
2469 5464 108 28 stimule
2603 5464 76 28 ainsi
2705 5463 134 38 l'appétit,
2859 5464 27 28 si

2217 5506 110 24 souvent
2352 5501 165 37 capricieux,
2543 5502 33 28 de
2604 5501 125 38 Fenfant.
2756 5502 39 28 Le
2821 5503 66 36 goût

2217 5539 94 37 exquis
2325 5537 40 29 du
2382 5547 80 19 cacao
2480 5539 26 27 le
2518 5538 58 38 fait
2591 5545 119 31 accepter
2727 5548 66 19 sans
2802 5539 85 37 peine

2302 5584 57 29 par
2376 5575 39 28 les
2435 5575 76 28 bébés
2525 5576 39 28 les
2579 5576 68 37 plus
2665 5575 130 38 difficiles.

2952 5115 4 4 ■

3426 4923 599 62 ZlnftàocUiU€aôé^ur70cuiô
4053 4917 25 56 I

3429 4977 608 73 d'^pérzence'ôczenti^u^.f
4054 4986 14 40 I

3437 5062 95 28 Seules
3547 5063 39 28 les
3601 5073 77 28 orges
3700 5065 39 29 les
3754 5065 68 38 plus
3839 5066 126 34 choisies,
3986 5067 40 28 les

3435 5101 99 36 grains
3556 5102 39 28 les
3614 5103 69 36 plus
3705 5104 103 33 lourds,
3835 5111 62 22 sont
3918 5111 108 22 retenus

3436 5140 82 35 après
3533 5148 41 19 un
3588 5141 88 36 triage
3693 5143 96 27 sévère.
3809 5142 47 28 Un
3874 5143 152 28 traitement

3436 5176 115 36 spécial,
3562 5187 39 18 au
3612 5180 62 27 sein
3684 5180 204 36 d'importantes
3900 5180 114 28 installa-

3436 5214 74 27 tions
3533 5215 150 34 modernes,
3705 5227 35 18 en
3765 5218 97 27 extrait
3888 5217 73 29 alors
3986 5218 40 28 les

3433 5251 147 37 principes
3602 5254 136 37 d'énergie
3760 5255 108 27 vivante
3895 5255 47 36 qui
3965 5259 64 26 sont

3436 5288 40 28 les
3495 5289 126 30 éléments
3644 5292 33 27 de
3700 5291 63 28 base
3778 5292 33 28 de
3824 5292 201 29 l'Ovomaltine.

1492 5668 1445 161 OVOMALTÏNE

1520 5863 167 22 Ovomaltine
1699 5867 66 19 vous
1785 5861 89 24 donna

1521 5894 31 24 la
1572 5893 62 24 bon
1655 5892 93 32 poids
1766 5891 107 29 belga.

1521 5924 36 23 La
1571 5922 75 25 boita
1663 5938 10 10 .
1692 5938 10 9 .
1724 5939 8 6 .
1753 5938 8 7 .
1779 5923 44 21 250
1835 5929 34 20 gr,

1521 5953 35 25 U
1569 5953 98 25 doubla
1678 5954 85 22 boite.
1780 5952 45 26 MO
1833 5957 43 27 gr.

2246 5839 387 59 CONCENTRÉ
2647 5845 290 56 NUTRITIF
