4251 6076
68 0 37 65 f

33 78 24 37 ■
72 85 10 22 '*

76 252 1053 145 LaVieMilitaire'POU

72 388 12 49 I
147 410 27 25 #

96 446 280 68 Peut-on
402 443 152 66 dire
579 446 28 61 ?

96 562 53 26 Que
163 562 27 22 la
203 567 13 15 «
230 561 160 21 Demi-heure
405 560 33 20 du
451 557 83 23 soldat
547 563 14 16 »
575 562 47 21 que

67 589 37 22 l'I.
118 589 31 22 N.
164 589 30 21 R.
209 589 81 20 donne
306 588 70 21 entre
391 586 29 20 20
434 585 24 20 h.
473 586 26 20 et
513 584 28 20 20
556 585 24 21 h.
595 584 28 20 SO

67 620 127 23 piovoque
211 615 63 22 dans
291 616 36 21 les
343 618 77 20 rangs
437 612 30 21 de
484 617 46 15 nos
547 610 66 22 mobi-

66 643 67 24 lisés,
145 647 97 16 comme
256 642 63 21 dano
331 641 36 20 les
378 638 188 27 appartements
579 638 44 20 des

49 678 6 13 :
66 670 79 23 civils,
162 675 49 15 une
229 668 74 25 rigole
312 668 25 20 .".3
355 666 42 26 qui
415 669 7 17 ;
430 670 71 16 .urne
518 670 22 15 sc
553 665 70 20 .vent

49 687 7 30 I
66 696 19 23 à
99 696 85 26 l'aigre
189 696 12 20 ?

96 723 54 24 Que
169 723 23 20 le
211 727 13 15 «
240 721 98 21 roUnet
356 725 13 15 »
389 719 30 22 ai
437 718 128 26 l'r.ppareil
584 718 38 21 est

68 749 88 24 fermé,
175 749 63 20 dans
256 748 126 24 beaucoup
401 747 30 21 de
450 751 49 19 cas,
516 744 107 22 aussitôt

67 777 75 25 ■qu'on
159 776 91 21 entend
265 776 23 20 le
305 774 106 26 speaker
426 777 157 17 commencer
598 772 25 20 la

54 805 128 23 .fameuse
201 800 168 23 demi--.?ure?

64 836 8 4 *
95 830 53 25 Que
162 831 36 20 les
213 831 65 19 deux
291 828 87 25 quarts
392 826 101 21 d'heure
508 826 50 21 de...
572 825 40 20 Ra-

65 857 80 22 belais
162 862 31 15 ne
210 856 57 20 sont
283 854 75 21 vécus
375 858 48 21 que
440 857 47 21 par
503 857 61 16 ceux
579 851 42 26 qui

67 885 102 21 veulent
181 889 28 17 se
224 882 89 22 rendre
326 881 97 25 compte
436 880 116 26 jusqu'au
565 878 61 21 bout

67 911 32 21 de
116 912 24 20 la
156 910 93 26 qualité
264 908 132 25 artistique
415 908 34 23 l!)
467 907 44 20 des
527 909 98 18 œuvres

66 935 211 24 radiodiffusées?

96 965 52 24 Que
163 968 62 16 ncus
238 968 77 16 avons
330 960 158 21 d'excellents
503 959 123 21 écrivains

66 996 35 17 ou
114 991 128 23 revuistes,
258 990 42 24 qui
315 993 31 17 ne
361 986 205 22 dem.inderaient
580 989 44 21 pas

64 1017 92 24 mieux,
172 1022 31 16 en
217 1015 145 25 s'inspirant
381 1016 27 19 le
424 1018 24 15 i^
464 1014 38 20 vie
518 1012 105 21 actuelle

66 1050 34 16 ou
120 1050 32 17 en
172 1042 131 26 rappelant
323 1042 36 20 les
379 1040 87 21 scènes
486 1039 42 25 qui
547 1037 78 22 firent

67 1071 27 21 la
108 1071 49 25 joie
171 1070 31 21 de
219 1074 45 16 nos
281 1068 94 23 soldats
391 1072 34 16 au
440 1066 76 25 front,
531 1069 47 21 que
595 1064 29 20 de

66 1097 100 22 fournir
185 1096 44 22 des
248 1094 116 22 sketches
380 1093 17 22 à
415 1092 35 22 l'I.
467 1093 31 20 N.
516 1092 47 22 R.?

73 1125 5 4 '
95 1123 54 25 Que
164 1127 28 16 ce
208 1122 73 26 qu'on
297 1120 43 25 dit,
356 1120 90 21 chante
462 1124 33 16 ou
510 1119 57 24 joue
585 1121 29 16 ac-

66 1150 147 23 tuellement
241 1149 93 20 devant
364 1148 23 20 le
414 1145 80 22 mliro
523 1150 17 16 a
569 1143 56 21 l'air

68 1177 77 22 d'être
153 1190 9 11 s
167 1174 77 25 bâclé,
265 1174 76 22 d'être
363 1178 50 20 une
433 1171 106 22 aumône
562 1171 63 21 faite

65 1206 35 19 au
124 1202 89 24 soldat,
247 1202 54 20 afin
335 1200 72 26 qu'on
431 1198 113 21 n'accuse
578 1202 47 20 par

66 1229 37 23 l'I.
122 1230 31 21 N.
173 1230 30 20 R.
222 1228 30 24 de
273 1233 31 16 ne
324 1229 54 19 rien
398 1226 62 21 fairr
479 1230 64 21 pour
562 1228 62 17 ceux

67 1257 44 27 qui
130 1256 106 25 gardent
256 1261 47 15 nos
321 1253 150 22 frontières?

100 1281 95 26 Qu'une
218 1281 151 21 demi-heure
389 1285 33 16 ne
442 1277 115 22 suffirait
579 1281 46 21 pas

65 1310 23 21 si
105 1310 71 20 notre
192 1308 104 21 Institut
310 1307 31 22 de
357 1305 108 22 radiof-if
466 1305 83 20 fusion
567 1307 48 17 vou-

66 1336 47 22 lait
127 1337 95 20 donner
234 1342 13 14 «
259 1340 34 15 un
305 1334 49 21 bon
367 1332 53 26 plat
434 1339 12 14 ■„
459 1332 25 23 et
497 1336 50 15 non
559 1329 56 26 quel-

66 1367 63 22 ques
146 1368 13 14 «
175 1360 98 23 croûtes
289 1368 12 13 j>
317 1359 78 26 jetées
412 1358 64 21 dans
491 1357 105 21 l'éther?

96 1389 53 24 Que
164 1394 28 17 oe
206 1387 59 26 qu'il
278 1387 56 21 faut
347 1391 50 16 aux
410 1385 101 23 soldats,
526 1389 27 16 ce
568 1382 57 21 sont

66 1415 46 23 ■des
132 1414 87 21 scènes
238 1413 31 23 de
288 1413 111 20 soldats?

77 1456 7 11 ,.
95 1439 49 23 ls\tr
165 1440 24 21 le
210 1440 82 20 même
314 1439 91 23 thème,
425 1443 64 16 nous
510 1437 114 25 publions

66 1467 120 26 quelques
204 1466 81 25 lignés
301 1466 90 20 écrites
408 1469 43 20 pa,
472 1470 35 15 un
525 1464 100 24 officier

66 1495 33 20 de
127 1493 25 20 la
182 1496 139 21 campagne
353 1491 180 24 H-lS.Pritt-on
564 1489 61 24 dire,

49 1526 3 9 *
64 1519 103 23 écrit-il:

96 1547 53 24 Que
174 1546 86 24 depuis
282 1545 142 25 longtemps
455 1547 46 17 nos
531 1542 94 21 soldats

67 1572 184 26 d'aujourd'hui
295 1576 96 16 comme
436 1575 64 16 c-eux
546 1570 79 20 d'hier

67 1599 144 22 n'écoutent
233 1599 55 25 plus
315 1604 13 14 «
351 1598 38 20 La
413 1596 152 21 demi-heure
591 1596 34 20 du

67 1625 83 22 soldat
170 1632 13 14 »
203 1625 17 21 à
240 1624 35 21 l'I.
295 1625 31 20 N.
347 1624 31 21 R.
400 1628 44 16 car
465 1625 31 19 ils
517 1623 42 24 n'y
580 1624 44 19 ont

49 1650 95 28 -guère
163 1651 110 23 entendu
293 1652 30 20 de
344 1652 124 19 chansons
486 1649 138 21 militaires.

95 1678 52 24 Que
164 1678 96 20 chacun
275 1682 27 17 se
317 1677 110 24 rappelle
442 1676 120 25 pourtant
576 1680 48 21 que

66 1705 74 20 notre
158 1704 130 21 Princesse
309 1704 40 22 (?)
370 1704 43 20 des
432 1702 83 22 Or-dos
533 1708 17 16 a
567 1702 58 26 déjà

66 1730 166 21 radiodiffusé
254 1730 30 21 de
304 1729 136 22 nombreux
460 1730 89 21 chants
568 1734 47 16 con-

67 1761 49 17 nus
138 1757 64 21 dans
222 1761 46 17 nos
289 1756 152 25 régiments?

96 1783 63 24 Qu'il
173 1789 17 19 y
206 1788 17 15 a
239 1783 64 21 donc
319 1782 49 22 lieu
384 1783 16 19 d
402 1792 13 15 e
432 1784 111 24 changer
558 1782 55 21 radi-

66 1809 126 21 calement
211 1810 37 20 les
265 1814 172 21 programmes
455 1809 96 21 actuels
570 1809 54 20 afin

67 1840 49 21 que
135 1843 15 13 »
165 1837 37 20 La
220 1836 150 21 demi-heure
391 1837 33 20 du
443 1835 81 22 soldat
542 1842 13 15 >
575 1835 39 21 mé-

67 1862 49 20 rite
132 1868 48 16 son
198 1863 75 21 nom?

69 1908 79 22 D'UN
159 1908 230 22 COMMANDANT
400 1908 46 22 DE
457 1908 168 22 BATTEBIE

94 1950 30 5 —
140 1939 70 22 Voici
227 1940 117 25 quelques
361 1939 61 22 faits
441 1940 86 25 dignes
544 1940 30 21 de
590 1940 22 21 fi-

67 1971 78 20 gurer
166 1967 63 22 dans
249 1968 71 21 votre
342 1967 118 26 rubrique
481 1973 14 15 «
515 1967 106 21 Peut-on

66 1990 71 24 dire?
154 1999 13 15 »
186 1999 7 15 :

95 2021 20 20 1.
130 2020 70 21 Dans
216 2020 122 23 certaines
353 2020 88 25 unités,
456 2021 37 21 les
509 2020 112 22 officiers

49 2058 3 4 *
66 2047 34 21 de
117 2046 98 23 réserve
231 2046 127 23 mobilisés
375 2047 87 25 depuis
478 2048 32 22 le*
518 2047 29 21 25
563 2047 60 21 août

66 2073 71 22 i*.'ont
156 2079 46 21 pas
221 2080 88 15 encore
328 2073 89 22 t'ouché
436 2075 66 21 leurs
521 2074 91 26 appoin-

66 2100 117 22 tements.
197 2102 22 19 A
235 2106 62 16 ceux
312 2102 42 24 qui
369 2108 31 15 en
415 2104 44 18 ont
474 2103 109 24 exprimé
599 2102 22 20 le

67 2128 76 26 désir,
158 2133 33 16 on
207 2134 17 15 a
239 2129 154 24 royalement
409 2129 112 21 consenti
536 2128 17 21 à
567 2130 55 19 leur

66 2155 67 21 faire
152 2160 49 17 une
219 2160 94 16 avance
333 2155 126 21 d'environ
479 2155 27 21 30
524 2161 23 20 p.
566 2161 21 15 c.
605 2154 17 22 à

65 2181 82 23 ■valoir
166 2186 43 16 sur
229 2182 158 21 traitements
407 2184 26 20 et
453 2182 156 21 indemnités.

94 2208 32 21 Se
146 2208 145 25 flgure-t-on
311 2214 32 15 en
362 2209 63 21 haut
445 2208 49 22 lieu
515 2213 47 21 que
584 2210 35 20 les

65 2234 31 22 O.
115 2235 31 20 R.
169 2234 73 23 (dont
260 2235 26 21 la
306 2236 101 25 plupart
426 2237 46 20 ont
491 2235 34 21 dû
545 2236 65 21 aban-

67 2262 97 21 donner
180 2263 56 20 leur
253 2263 149 25 gagne-pain
406 2263 8 20 1
435 2263 108 25 peuvent
561 2268 60 15 avec

66 2288 30 21 30
107 2294 24 21 p.
143 2294 22 17 c.
178 2289 242 28 désappointement
434 2290 72 22 (dont
517 2290 23 21 le
552 2291 59 19 mon-

66 2315 58 22 tant
140 2316 62 21 total
218 2317 42 22 n'a
276 2316 124 22 d'ailleurs
417 2316 53 22 rien
487 2316 30 21 de
532 2317 79 20 mirifi-

65 2347 50 21 que
125 2342 20 24 !)
176 2343 136 22 entretenir
339 2344 93 20 femme
459 2345 26 20 et
512 2343 107 24 enfants,

65 2374 80 22 payer
159 2370 56 21 leur
229 2375 66 16 mess
311 2371 25 22 et
350 2371 139 24 remplacer
502 2371 38 21 les
556 2370 64 21 vête-

49 2404 7 9 >
66 2397 84 21 ments
171 2396 62 22 dont
252 2397 128 27 beaucoup
400 2396 58 26 déjà
478 2398 58 21 sont
558 2396 63 22 dans

67 2427 37 19 •un
121 2423 54 22 état
190 2420 117 25 délabré'!
320 2424 6 20 !
338 2423 7 21 !

75 2455 3 4 *
94 2450 23 21 2.
135 2450 53 25 Que
206 2455 64 20 pour
281 2450 145 22 'l'entretien
446 2452 30 20 de
496 2456 41 16 ces
556 2449 65 23 vête-

49 2493 6 3 -
67 2478 89 22 nient,?,
172 2476 44 24 l'O.
231 2477 31 21 R.
277 2478 89 22 touche
381 2478 153 25 royalement
548 2478 28 21 33
589 2479 31 20 fr.

68 2509 48 22 par
131 2510 44 21 an;

94 2531 22 21 3.
139 2531 52 24 Que
214 2531 63 21 dans
305 2531 129 26 beaucoup
462 2531 113 25 d'unités,
596 2533 24 21 le

66 2558 181 21 commandant
273 2557 41 22 n'a
334 2564 46 20 pas
406 2558 56 26 plus
482 2559 139 21 l'initiative

67 2585 45 22 des
123 2586 101 20 faveurs
235 2584 17 22 à
261 2586 118 20 accorder
390 2590 50 16 aux
450 2587 112 22 hommes
573 2592 48 20 que

67 2613 46 20 des
129 2611 127 26 punitions
272 2611 17 22 à
305 2613 54 20 leur
374 2612 108 26 infliger.
499 2613 59 20 Cela
573 2613 48 21 fait

67 2643 56 21 que,
136 2644 60 16 sans
208 2639 71 21 avoir
288 2638 25 23 le
326 2639 75 21 détail
415 2640 43 20 des
471 2640 141 21 circonstan-

66 2670 45 16 ces
128 2666 42 25 qui
188 2666 45 21 ont
249 2665 88 22 amené
354 2666 24 22 le
395 2668 185 24 manquement,
595 2668 27 20 la

66 2692 77 26 façon
154 2692 31 22 de
196 2694 80 21 servir
286 2693 30 21 de
327 2692 144 26 l'intéressé,
482 2699 33 16 on
526 2694 95 25 impose

67 2719 46 21 des
134 2720 126 21 sanctions
271 2719 7 21 !
306 2720 35 22 Le
361 2720 82 21 soldat
470 2720 61 26 perd
552 2721 69 21 toute

65 2746 134 22 confiance
215 2748 62 20 dans
293 2751 46 17 son
356 2747 58 21 chef
428 2752 75 21 parce
520 2747 58 26 qu'il
592 2752 29 16 Ee

67 2774 64 20 rend
153 2774 99 25 compte
282 2778 48 21 que
354 2773 95 22 celui-ci
472 2775 64 20 n'est
564 2774 57 26 plus

66 2798 78 28 qu'un
160 2806 15 15 «
194 2798 155 28 polichinelle
367 2807 21 14 ».
411 2803 36 20 Le
465 2801 58 25 jour
547 2801 31 21 de
596 2802 25 21 la

67 2832 16 15 «
96 2828 95 25 grande
204 2828 106 25 bagarre
323 2833 21 19 »,
358 2828 96 21 celui-ci
467 2833 64 17 aura
542 2829 79 25 perdu

67 2854 58 23 tout
137 2854 109 26 prestige
259 2855 26 22 et
299 2855 98 21 surtout
409 2856 70 22 toute
493 2855 128 21 autorité..".

95 2882 135 20 L'autorité
264 2881 142 26 supérieure
440 2888 27 15 se
503 2883 118 21 rend-elle

68 2909 100 25 compte
191 2910 30 21 de
242 2909 66 21 cette
328 2908 137 22 situation?
487 2909 66 22 C'est
573 2914 50 16 aux

66 2935 115 22 officiers
210 2931 31 26 de
268 2936 88 25 troupe
385 2936 184 25 qu'appartient
596 2937 26 20 la

67 2967 17 15 ■e
99 2962 115 21 conduite
230 2968 13 15 »
258 2963 45 21 des
318 2963 112 22 hommes
445 2963 63 22 dans
522 2963 57 22 tout
593 2968 29 16 ce

69 2993 50 22 qne
133 2994 28 16 ee
176 2990 78 21 terme
268 2995 17 16 a
298 2989 30 22 de
342 2990 57 25 plus
412 2990 71 21 vaste
500 2995 7 16 :
524 2995 100 21 respon-

52 3027 5 5 *
68 3015 107 32 «abiljt,é,
182 3018 26 21 et
221 3015 115 26 autorité,
350 3016 105 24 fermeté
469 3017 31 22 et»
507 3015 116 24 bienvèil*-

70 3041 79 24 lancê.
168 3052 4 5 ■
332 3044 7 13 '
366 3057 3 2 ■
447 3043 27 13 -'■
489 3043 19 7 "'
519 3056 3 4 ■

1774 194 153 23 !«NATION
1940 195 130 24 BELGE»,
2083 195 27 21 22
2123 195 152 21 OCTOBRE
2289 195 54 20 1939

1534 278 301 117 OS
1900 276 443 121 SOL

1231 483 64 22 térêt
1315 488 49 16 aux
1384 483 94 21 soldats
1498 482 30 22 de
1549 490 46 15 son
1614 484 129 24 régiment.
1766 482 20 21 H
1795 491 3 13 i

1231 510 77 21 serait
1334 509 52 21 très
1412 510 112 19 heureux
1559 510 122 20 d'obtenir
1715 510 71 21 votre
1796 503 2 31 !

1230 537 75 25 appui
1324 541 64 20 pour
1407 536 55 21 leur
1482 536 64 21 faire
1567 537 69 20 avoir
1657 536 44 20 dea
1721 537 66 24 clga-
1796 543 2 17 ;

1231 563 82 23 rettes,
1335 562 81 26 livres,
1437 562 164 21 instruments
1624 561 30 22 de
1673 562 113 26 musique
1796 569 2 22 j

1231 590 24 20 et
1274 589 75 21 films.

1489 615 5 6 *
1504 614 12 13 *

1493 631 12 12 •
1516 631 11 13 *

1256 655 37 19 La
1315 654 40 20 10e
1378 654 30 20 ba
1412 653 72 21 tterie
1515 653 34 20 du
1578 654 42 20 12e
1644 653 141 20 d'artillerie

1229 680 121 22 demande
1373 685 34 14 un
1438 687 13 13 «
1477 679 120 26 Vogclplk
1622 686 19 19 ».
1667 679 55 22 filet
1754 679 30 20 de

1231 707 74 25 Voley
1319 707 54 19 Bail
1389 707 24 19 et
1428 707 42 20 des
1485 707 68 20 films
1567 708 29 20 de
1609 706 27 20 20
1651 711 30 15 ou
1697 706 41 20 100
1753 711 32 15 m.

1230 737 61 21 pour
1310 732 167 26 Pathé-Baby.

1502 759 12 12 *

1492 776 10 11 «
1514 776 10 11 *

1257 796 60 21 Afin
1345 796 29 21 de
1408 801 88 20 passer
1519 796 186 25 agréablement
1732 800 53 16 mes

1228 825 89 18 heures
1337 824 29 20 de
1385 823 69 21 loisir
1471 823 62 19 dans
1552 824 22 20 le
1592 822 193 21 cantonnement

1227 849 66 21 situé
1316 850 51 20 très
1390 849 50 21 loin
1462 850 30 20 de
1515 850 55 20 tout
1592 849 79 25 grand
1693 851 91 19 centre,

1227 877 23 24 je
1268 875 122 21 demande
1407 876 37 21 les
1460 877 75 20 livres
1552 875 152 22 nécessaires
1724 875 50 21 (dic-

1228 903 130 23 tionnaire,
1383 903 158 24 grammr.ire,
1568 904 57 20 etc.)
1653 901 16 21 à
1694 901 89 21 l'é-ude

1229 929 33 21 de
1290 929 142 25 l'espagnol.
1482 929 105 25 Sergent
1612 930 55 20 Van
1699 928 85 20 Hecke

1229 956 109 23 Charles,
1362 955 144 26 état-major
1529 957 33 20 du
1586 956 48 25 IVe
1658 954 126 21 bataillon.

1229 983 41 20 23e
1287 982 30 21 de
1334 982 73 25 ligne.

1751 416 95 43 :«*:

810 1146 46 22 ON
875 1143 166 25 DEMANDE

675 1177 37 23 La
727 1177 27 21 6e
770 1178 146 24 compagnie
932 1178 33 19 du
979 1177 42 21 43c
1039 1178 29 20 cle
1082 1177 66 24 ligne
1164 1176 30 21 de-

648 1204 90 21 mande
760 1209 33 16 un
814 1204 83 20 ballon
919 1206 29 19 de
970 1204 103 20 football
1096 1205 25 19 et
1142 1209 60 15 onze

648 1230 82 26 paires
749 1232 29 21 de
796 1230 108 22 bottines
923 1231 54 20 afin
995 1231 30 21 de
1042 1231 104 24 pouvoir
1162 1231 31 19 do-

648 1259 40 19 te»*
700 1257 104 26 l'équipe
817 1258 30 21 de
860 1257 24 21 la
897 1258 145 24 compagnie
1056 1258 57 20 d'un
1126 1257 66 21 maté-

648 1284 45 21 riel
710 1284 128 22 suffisant.

752 1331 57 26 QUI
827 1331 88 22 VEUT
933 1331 167 22 ADOPTER:

674 1363 39 20 On
734 1362 121 22 demande
883 1367 62 21 pour
966 1363 22 21 le
1009 1363 81 20 soldat
1117 1363 85 25 Roger

647 1390 93 23 Pierre,
756 1389 29 21 27
802 1394 53 20 ans,
873 1390 29 21 de
920 1390 25 20 la
961 1389 28 21 3e
1006 1390 145 24 compagnie
1169 1390 33 20 du

647 1417 27 21 3c
689 1417 164 22 Carabiniers,
867 1421 48 17 une
928 1421 123 20 personne
1065 1417 136 20 charitable

647 1444 42 25 qui
706 1444 116 20 voudrait
838 1443 70 22 aider
923 1448 31 16 ou
971 1444 104 24 adopter
1091 1448 45 17 son
1152 1442 39 22 mé-

647 1475 64 20 nage
727 1476 27 15 se
770 1472 146 23 composant
932 1472 30 19 de
978 1476 32 17 sa.
1021 1471 92 20 femme
1130 1471 26 20 et
1172 1471 29 20 de

649 1498 87 25 quatre
754 1498 102 20 enfants
873 1502 32 17 en
921 1496 109 26 bas-âge.

688 1544 269 26 BARAQUEMENTS
974 1544 193 23 MIUTAIRES

678 1573 33 20 Le
731 1572 97 21 Service
847 1573 44 19 des
909 1571 140 21 Bâtiments
1068 1572 137 23 militaires,

651 1599 98 21 Service
769 1599 44 21 des
832 1599 205 24 Baraquements,
1056 1598 33 25 10,
1109 1604 43 15 rue
1173 1599 32 19 du

652 1625 127 24 Méridien,
799 1625 16 21 à
836 1625 135 24 Bruxelles,
993 1626 77 24 reçoit
1090 1625 114 25 jusqu'au

650 1653 27 20 25
692 1653 106 23 octobre,
813 1652 17 21 à
844 1653 26 20 11
885 1653 96 23 heures,
997 1654 35 19 les
1048 1653 79 19 offres
1142 1657 63 20 pour

650 1680 26 21 la
692 1679 140 21 fourniture
850 1679 30 21 de
897 1679 41 21 70Q
955 1678 192 26 baraquements
1166 1678 29 21 dé-

652 1706 144 21 montables.

678 1733 47 20 Les
738 1732 146 22 documents
897 1732 97 21 relatifs
1007 1733 16 22 à
1038 1734 37 19 "et
1077 1732 24 21 te
1115 1732 89 21 remise

650 1759 30 21 de
696 1760 55 25 prix
765 1759 86 21 seront
867 1764 31 17 en
913 1760 73 21 vente
1002 1765 33 15 au
1050 1760 94 20 bureau
1162 1760 41 20 d*>s

1811 555 116 65 Pour
1969 557 147 63 éviter
2153 558 215 70 chômage

700 2023 38 41 LE
771 2023 151 41 PRODUIT
953 2024 48 41 DU
1032 2024 91 40 JOUR

69 3099 61 23 Ant.
148 3099 160 23 LESUISSE.
326 3099 132 22 ex-maître
475 3099 62 22 talll.
554 3099 67 22 unEit

156 3124 82 26 Coupe
252 3125 27 22 et
291 3127 76 24 façon
380 3125 163 26 impeccables

172 3152 112 22 officiers
299 3154 35 22 et.
340 3153 188 21 sous-officiers.

130 3178 120 22 chaussée
266 3180 31 20 de
311 3179 98 25 Wavre,
425 3180 34 21 91.
475 3179 89 22 Ixelles

51 3197 44 33 yL
560 3205 63 23 (219)

94 3255 40 21 Un
156 3255 101 22 officier
279 3256 57 22 bien
359 3255 92 22 habillé
473 3261 87 18 assure
583 3261 45 16 son

65 3281 110 25 prestige
192 3287 50 16 non
259 3282 136 24 seulement
412 3280 112 23 vis-à-vis
540 3281 32 22 de
589 3288 40 15 ses

68 3302 178 29 subordonnés,
260 3307 64 24 malts
338 3308 140 24 également
491 3308 16 20 d
508 3317 13 15 e
536 3313 40 17 ses
589 3313 29 16 su-

65 3331 120 27 périeurs.
206 3334 67 21 Pour
293 3335 70 21 avoir
383 3340 35 16 un
438 3335 125 22 uniforme
585 3335 34 21 im-

67 3360 126 24 peccable:
209 3360 158 24 Heldenber)*:
379 3362 26 21 et
418 3360 41 22 Co.
473 3360 35 23 19.
521 3366 45 16 rue
580 3360 39 22 Du-

67 3391 118 19 quesnoy.
208 3387 134 21 Bruxelles.
440 3406 5 8 ,
553 3387 76 21 "Î007-?

71 3452 53 48 LA
145 3448 252 53 JOURNÊEDE
418 3452 208 50 DIMANCHE

245 3536 214 22 EXPOSITIONS

97 3567 27 8 —
134 3559 63 21 Cercle
209 3560 106 22 Artistique,
329 3561 18 21 5.
358 3566 33 15 nie
405 3560 22 19 de
439 3561 19 19 la
470 3560 40 19 Loi.
523 3560 105 22 Exposition

72 3580 122 23 •<*aquarelles
205 3585 19 16 et
237 3583 24 20 de
272 3582 69 20 dessins
353 3588 25 14 au
392 3583 51 19 lavis.

59 3602 16 18 >':
98 3613 23 6 —
138 3604 70 20 Galerie
222 3606 24 18 de
261 3604 18 19 la
293 3604 66 19 Toison
375 3606 51 18 d'Or.
443 3605 30 21 13.
489 3610 69 14 avenue
573 3605 24 19 de
611 3606 18 18 ta

73 3624 67 21 Toison
151 3626 50 19 d'Or.
212 3626 53 20 Salon
277 3626 115 20 d'ensemble.

60 3649 24 21 '-..;
99 3656 23 6 —
135 3647 71 20 Galerie
217 3651 32 17 des
264 3649 57 18 Petits
334 3649 79 21 Carmes,
426 3652 33 16 rue
470 3649 33 19 de»
516 3649 58 20 Petits
587 3646 39 22 Car

73 3673 47 19 ■es,
136 3671 19 18 9.
171 3671 80 19 Armand
268 3670 86 20 Dehondt
374 3671 95 21 (jusqu'au
486 3672 11 19 3
514 3671 115 20 novembre).

74 3700 3 3 -
98 3699 25 10 •r-
135 3691 62 20 Cercle
213 3693 54 22 Belge
280 3694 24 18 de
319 3693 17 18 la
352 3693 92 22 Librairie,
459 3698 33 14 rue
508 3693 74 22 Royale.
600 3695 23 17 12

73 3712 28 21 )Le
114 3713 71 23 peintre
198 3714 22 19 CI
243 3714 54 19 Biron
315 3714 95 23 (jusqu'au
426 3715 24 19 26
463 3716 91 20 octobre).

91 3745 31 10 .—
133 3737 26 19 La
172 3736 59 20 Petite
242 3736 76 22 Galerie.
331 3738 18 21 3,
361 3737 70 20 avrtiue
441 3737 73 21 Louise.
526 3737 62 20 Victor
600 3736 29 20 De

74 3756 62 21 Graux
154 3759 95 22 (Jusqu'au
266 3759 25 19 26
306 3759 91 21 octobre).

98 3788 25 6 —
136 3780 59 19 Palais
212 3781 31 19 des
261 3781 118 19 Beaux-Arts.
397 3781 54 19 Salon
469 3785 11 14 c
487 3782 48 21 Arts,
555 3782 74 18 Beauté.

74 3801 86 20 Parure»
178 3803 94 21 -fiusqu'au
290 3804 24 17 22
330 3802 91 22 octobre).
483 3818 12 10 #

98 3833 26 6 —
134 3824 27 20 Le
175 3824 70 24 Studio,
257 3832 34 13 rue
302 3826 33 18 des
348 3825 146 22 Petits-Carmes,
507 3827 19 18 2.
539 3825 28 21 Le
579 3825 52 23 peinr

73 3847 30 18 Ire
115 3847 35 19 Ed.
163 3847 88 19 Heirman
268 3848 94 22 (jusqu'au
378 3849 11 18 2
404 3848 114 22 novembre).
528 3856 3 3 -

220 3878 88 21 Salons
322 3879 31 20 de
368 3878 117 23 province

98 3909 25 6 —
136 3900 73 22 Bruges.
230 3901 71 19 Galerie
321 3902 94 21 Memlinc,
436 3903 31 21 24,
487 3906 33 15 rue
538 3902 33 19 des
590 3901 38 19 Fîa-

57 3932 3 5 '
73 3923 71 18 Banda.
163 3924 28 18 M.
208 3924 59 20 André
283 3924 59 19 Berda
362 3924 96 22 (jusqu'au
475 3926 24 18 22
515 3925 91 20 octobre).

293 3956 120 20 DIVERS

73 3989 7 5 -
98 3986 25 5 —
136 3977 29 19 De
184 3979 12 18 9
215 3980 13 18 à
249 3980 23 18 18
291 3980 27 19 b..
338 3984 36 14 aux
394 3978 60 19 Palais
472 3978 25 20 du
517 3978 107 20 Centenaire

74 3998 58 21 XVIe
150 3999 52 19 Salon
220 4000 24 20 de
261 4000 144 19 l'Alimentation
424 4005 19 15 er
460 4000 32 19 des
510 4001 42 19 Arts
571 4000 52 20 ména-

74 4026 48 16 gers;
143 4023 29 17 1er
187 4022 53 19 Salon
257 4022 130 20 International
403 4023 24 19 de
442 4023 19 18 la
477 4023 97 22 Brasserie;
591 4022 40 20 Xle

73 4043 54 19 Salon
141 4045 24 19 de
178 4044 17 18 la
208 4044 23 19 T.
245 4045 18 19 S.
279 4045 29 21 F.":
326 4045 30 20 Ile
369 4044 53 20 Saloo
436 4045 24 20 de
469 4043 22 20 la
504 4044 55 20 Fleur
572 4048 19 16 et
605 4045 25 19 do

75 4064 61 23 Fruit;
158 4066 54 19 Salon
231 4068 26 19 du
278 4067 75 21 Dablia;
376 4066 94 22 .Concours
488 4067 101 19 nationaux
608 4067 22 19 dr

74 4087 58 19 beaui
150 4089 73 19 enfants
242 4089 96 21 (jusqu'au
355 4089 25 19 22
396 4090 91 19 octobre).

98 4120 26 5 —
137 4111 66 20 XXVe
216 4111 120 19 Enniversaire
350 4111 24 19 de
388 4112 19 18 la
420 4110 75 21 totallle
509 4111 24 20 de
547 4111 60 19 l'Yser
623 4116 9 14 .*

76 4132 13 19 à
104 4134 13 18 9
131 4133 20 18 h.
166 4134 32 20 45,
212 4134 56 21 dépôt
281 4135 24 18 de
321 4133 57 19 fleurs
392 4138 24 15 au
432 4133 96 21 Mémorial
544 4134 79 19 britanni-

74 4158 44 17 que,
133 4159 32 14 rue
178 4155 32 18 des
225 4155 127 22 Quatre-Bras;
371 4155 12 20 à
400 4157 23 18 10
439 4156 19 19 b.
473 4155 31 23 45,
520 4156 69 20 service
603 4156 20 18 fu-

74 4176 56 20 nèbre
142 4177 13 19 à
168 4177 67 21 l'église
248 4177 101 23 St-Joseph,
362 4182 67 17 square
442 4178 128 22 Frère-Orban,
582 4177 49 19 suivi

57 4201 4 5 '
74 4197 47 20 d'un
137 4199 94 22 hommage
248 4206 24 13 au
289 4200 62 19 Soldat
369 4201 81 19 Inconnu
466 4203 21 16 et
504 4201 13 20 à
533 4200 20 19 la
567 4202 65 23 «crypte

74 4220 63 21 royale
151 4221 24 19 de
189 4219 79 21 Laelten.
284 4222 45 19 Vers
345 4223 36 18 12.
384 4222 27 23 h.,
425 4222 57 23 dépôt
496 4222 24 19 de
536 4222 56 19 fleurs
606 4227 25 14 au

76 4245 108 17 monument
198 4244 25 19 du
239 4244 53 19 Poilu
308 4244 79 19 Inconnu
403 4249 13 15 a
431 4244 90 20 Laeken.'

99 4266 17 18 A
129 4264 122 23 Saint-Gilles*
263 4267 12 19 à
289 4267 23 18 10
325 4266 27 23 h.,
364 4272 24 14 au
400 4267 41 19 colu
453 4266 24 19 de
490 4266 84 20 l'avenue
585 4267 45 21 Jean

75 4286 76 19 Volders
171 4289 19 17 et
209 4289 24 19 de
254 4287 19 20 la
292 4286 86 21 chaussée
397 4288 24 19 de
442 4288 69 24 Forest,
534 4288 97 20 formation

62 4307 59 22 '4'un
134 4310 70 21 cortège
216 4310 33 22 qui
262 4315 20 14 se
293 4309 65 20 rendra
370 4311 12 19 k
395 4309 64 21 l'hôtel
472 4310 23 21 de
508 4311 49 20 ville.
569 4316 5 4 -

98 4332 53 19 -9
164 4332 21 19 b.
201 4333 31 18 30.
247 4332 87 22 Chapelle
348 4333 24 19 de
386 4332 60 20 Marie
461 4333 122 22 Réparatrice,
600 4332 30 22 Jl,

74 4357 35 15 ne
120 4354 24 18 de
157 4354 19 18 la
190 4355 59 19 Poste.
265 4354 59 19 Messe
336 4355 97 19 solennelle
446 4360 23 14 en
483 4355 35 18 rite
531 4355 98 19 arménien.

115 4377 49 18 —10
179 4376 19 19 b.
213 4377 31 18 30.
260 4376 74 19 Musées
346 4377 25 19 du
386 4376 166 22 Cinquantenaire.*
562 4382 70 14 avenue

75 4396 34 20 des
124 4397 95 21 Nerviens.
236 4399 29 18 M.
281 4398 26 19 H.
324 4398 104 23 Lavachcry
447 4404 7 15 :
472 4405 12 13 c
500 4399 28 20 La
543 4399 88 19 statuaire

74 4418 26 20 île
119 4418 91 24 l'Afrique
229 4421 50 18 noire
297 4424 22 17 ^.

91 4451 36 8 .—
141 4441 22 19 11
179 4442 19 19 h.
211 4442 79 19 Institut
302 4441 32 19 des
348 4442 43 19 Arts
404 4444 20 17 et
437 4442 82 23 Métiers,
532 4443 99 19 boulevard

75 4463 25 21 de
123 4463 104 20 l'Abattoir.
250 4464 123 19 Distribution
394 4464 34 19 des
451 4465 41 22 prix
513 4470 37 14 aux
572 4465 59 19 élèves

76 4484 25 20 de
113 4485 70 20 l'Ecole
196 4486 23 19 de
232 4486 88 20 tailleurs.

102 4517 27 6 —
142 4509 55 19 Ilb.
211 4508 72 19 Maison
296 4508 33 19 des
340 4508 101 23 Médecins,
457 4510 29 19 54.
499 4509 98 20 boulevard
609 4511 24 17 de

76 4528 99 21 Waterloo.
187 4531 27 20 Le
226 4530 28 19 Dr
266 4529 95 23 Brandlîgt
375 4536 7 14 :
395 4536 13 14 c
420 4530 27 20 La
459 4530 71 21 culture
543 4530 90 24 physique

76 4552 84 18 modérée
174 4558 18 13 ».

101 4583 25 5 —
143 4574 22 19 17
181 4573 19 21 h.
215 4573 61 23 Eglise
290 4573 25 21 du
331 4574 55 20 Gesu.
402 4575 43 23 165,
460 4578 33 17 rue
506 4575 71 23 Royale
592 4575 41 19 -Bé-

78 4595 92 20 ■édictlon
183 4595 33 20 des
230 4596 93 19 nouvelles
334 4601 71 17 orgues.

102 4627 26 5 —
145 4617 22 20 18
183 4618 20 20 b.
218 4619 31 18 30.
265 4619 59 22 Foyer
337 4618 27 20 du
378 4618 67 23 soldat,
462 4619 30 19 17.
506 4619 53 22 place
575 4619 59 19 Emile

77 4637 131 23 Vandervelde.
220 4641 45 20 Fête
276 4640 79 21 gratuite
367 4645 46 18 pour
424 4641 26 18 les
461 4640 99 20 militaires.

1255 1048 67 20 Pour
1336 1047 23 20 le
1374 1046 131 26 personnel
1522 1046 30 22 dc
1568 1048 25 20 la
1609 1046 67 26 pièce
1692 1046 22 20 le
1732 1051 41 15 ma-

1228 1073 84 21 rchai
1330 1075 43 20 des
1389 1074 62 25 logis
1467 1071 85 24 Dt>;:et.
1571 1073 32 21 du
1619 1073 28 21 3e
1664 1073 119 22 escadron
1795 1067 5 37 j

1229 1102 33 19 du
1283 1101 27 19 2e
1332 1101 132 20 chasseurs
1486 1099 16 22 à
1522 1100 92 23 cheval,
1637 1094 163 36 un.phono-j

1228 1128 93 24 graphe
1341 1128 106 24 portatif
1467 1127 25 21 et
1512 1127 117 25 quelques
1649 1125 108 26 plaques.

1258 1193 39 21 On
1317 1192 121 21 demande
1455 1197 64 19 pour
1536 1192 23 20 le
1578 1189 99 27 rappelé
1699 1189 84 22 Alberï

1227 1219 111 21 Kettelet
1361 1220 32 20 du
1416 1218 27 21 3©
1467 1218 119 21 escadron
1611 1218 32 20 du
1666 1216 27 21 2o
1715 1217 58 20 chas-

1228 1250 70 17 seurs
1314 1245 17 21 à
1346 1245 93 24 cheval,
1456 1250 34 16 un
1507 1245 60 21 colis
1584 1248 60 17 avec
1660 1242 44 21 des
1720 1243 55 24 ciga-

1228 1273 77 21 rettes
1323 1272 25 22 et
1363 1277 48 15 une
1428 1271 69 26 paire
1513 1272 28 20 de
1557 1271 82 21 bottes
1654 1275 31 16 en
1701 1269 74 21 caout-

1227 1299 77 20 chouc;
1325 1299 35 22 (n.
1378 1299 51 24 43).

1486 1324 5 9 ■■
1501 1324 12 13 •

1490 1338 12 14 *i
1512 1341 12 12 *

1255 1364 39 21 On
1314 1362 121 22 demande
1454 1367 64 22 pour
1534 1363 26 19 la
1578 1362 41 21 Ire
1638 1360 146 26 compagnie

1227 1389 32 22 du
1274 1391 41 19 1er
1329 1390 76 20 corab
1408 1390 4 11 :
1416 1390 73 23 niei'£-,
1504 1390 43 20 des
1561 1390 82 22 livres,
1658 1388 44 20 des
1719 1388 56 24 ciga-

1228 1417 83 24 rettes,
1331 1417 33 20 du
1383 1416 81 24 tabac,
1483 1417 33 19 du
1535 1421 76 16 savon
1631 1415 30 21 de
1681 1414 103 21 toilette.

1890 676 156 47 firme
2072 682 208 42 sérieuse

1899 753 152 36 remet
2085 760 63 30 en
2183 749 99 41 état

1811 840 177 61 sans
2034 821 334 79 bénéfice

1796 938 4 34 i
1810 921 189 44 appareils
2013 920 49 36 de
2074 920 37 35 T.
2122 920 31 36 S.
2163 921 31 35 F.
2207 921 162 35 destinés

1796 973 90 35 iaux
1909 972 150 35 soldats.
2091 993 11 7 -
2131 972 238 46 Dépannage

1796 1025 4 11 '
1808 1044 67 14 ,-mm
1896 1024 48 34 de
1961 1030 120 29 toutes
2101 1036 184 33 marques.
2304 1045 63 12 —

1810 1122 219 109 MA
2054 1180 35 19 -
2114 1122 255 111 RADIO

1920 1278 130 36 Crédit
2076 1299 12 7 -
2111 1278 151 46 Reprise

1919 1350 66 15 mtmw.
2003 1331 176 35 Location
2196 1352 65 12 —

1905 1396 80 57 144,
2005 1406 65 40 rue
2094 1397 178 56 Brogniez

1253 1481 35 21 Le
1314 1480 100 26 caporal
1447 1478 149 22 Emmanuel
1629 1478 97 23 Pirson,
1752 1477 31 20 du
1809 1464 281 41 BRIXELLESKIDI
2112 1485 16 10 -
2151 1466 71 39 TBL.
2241 1466 127 39 2100.17

1226 1508 28 22 3e
1275 1507 78 26 génie,
1374 1506 75 21 Ecole
1471 1507 33 20 du
1524 1505 76 22 Génie
1627 1505 17 21 à
1661 1504 122 21 Berchem
1795 1501 5 32 j
2289 1509 76 19 \'lt*yi-

1230 1534 118 22 (Anvers)
1369 1533 26 21 et
1412 1539 33 15 un
1466 1533 30 20 de
1515 1539 40 15 ses
1576 1531 127 25 collègues,
1722 1529 52 22 dési

1227 1561 109 21 reraient
1353 1561 96 20 chacun
1467 1565 49 16 une
1532 1558 69 23 i»alve
1620 1559 29 20 de
1667 1558 82 25 patins
1768 1556 16 21 à

1227 1587 70 25 glace
1314 1592 32 15 ou
1365 1586 17 22 à
1398 1585 127 23 roulettes.

1253 1657 34 21 Le
1308 1655 82 21 soldat
1409 1655 98 21 Roland
1529 1655 108 23 Georges
1656 1652 29 21 de
1705 1651 78 22 l'état-

1227 1683 51 21 mal
1281 1688 28 15 or
1330 1683 33 20 du
1383 1682 47 22 IVe
1452 1680 125 24 bataillon,
1599 1679 33 22 du
1651 1679 43 20 1er
1713 1679 62 20 chas-

1227 1714 70 17 seurs
1314 1709 16 21 à
1347 1708 57 23 pied
1423 1708 131 21 demande:
1575 1707 25 22 1)
1620 1704 164 22 dictionnaire

1226 1735 244 26 français-flamand;
1488 1735 25 22 2)
1530 1735 43 20 des
1588 1734 75 19 livres
1681 1732 32 24 (si
1729 1736 49 21 pos-

1227 1756 71 28 sible'
1309 1762 104 21 édition-
1422 1760 189 22 Flammarion)-

1490 1803 11 11 *
1513 1804 9 10 *

1256 1828 137 22 Aumônier
1416 1828 77 25 ayant
1515 1827 128 24 beaucoup
1666 1825 17 22 &
1704 1824 79 22 écrire

1227 1856 16 21 à
1266 1861 74 19 cause
1365 1856 30 20 da
1418 1856 25 20 la
1466 1851 212 24 correspondance
1702 1850 72 22 multi-

1226 1882 63 25 pliée
1306 1886 25 20 et
1348 1886 63 21 pour
1427 1882 104 24 pouvoir
1548 1879 64 22 fairo
1629 1878 36 21 les
1684 1879 99 25 papiers

1227 1908 153 22 nécessaires
1405 1907 16 22 à
1445 1912 48 16 sen
1523 1906 103 24 service,
1662 1905 120 21 demande

1226 1935 162 21 instamment
1401 1935 29 20 de
1442 1933 35 22 lui
1491 1937 107 21 envoyé**
1608 1936 49 17 t'ne
1668 1932 115 21 machine

1226 1963 16 20 à
1263 1962 78 23 écrire
1363 1962 124 24 portative
1509 1960 22 20 si
1551 1958 114 27 possible.

1257 1988 117 20 Adresse:
1402 1986 135 22 Aumônier
1562 1986 26 21 L.
1614 1984 168 22 Manderveld.

1226 2015 68 21 TVJ2
1311 2015 29 20 R.
1357 2015 28 20 A.
1401 2015 28 21 A.

647 2517 87 49 Plus
755 2528 72 46 que
853 2517 147 57 .jamais,
1026 2518 178 49 mmi

760 2593 18 9 -
825 2576 202 58 s'impose!

647 2643 51 35 La
721 2646 125 33 crème
873 2647 26 31 à
925 2655 102 23 raser
1056 2656 149 23 connue

647 2688 98 34 dans
756 2687 35 35 le
800 2687 139 35 monde
947 2692 117 32 entier
1072 2688 133 45 depuis

861 2735 42 32 25
919 2744 70 23 ans

648 2776 54 35 La
728 2779 141 32 crème
895 2777 310 35 adoucissante

682 2826 93 21 ■*"*■
774 2827 52 17 ■•
846 2825 63 40 qui
923 2832 86 24 rase
1126 2827 4 19 '
1201 2830 3 15 '

649 2872 92 49 Sans
771 2872 169 50 BlaiFeau
971 2897 20 11 -
1020 2873 93 49 Sans
1133 2873 71 49 Eau

813 2931 93 51 Sans
927 2930 121 51 Savon

1065 3075 51 10 ■r-w

1126 3043 76 22 (2066)

1123 3075 77 23 ssasm

653 3112 190 25 adjudications,
873 3113 35 24 16,
938 3118 44 16 rue
1012 3113 31 21 de
1068 3114 99 23 Loxucn,
1190 3112 17 21 à

652 3139 135 25 Bruxelles,
803 3140 17 22 à
836 3139 80 26 partir
932 3140 35 21 du
981 3140 29 22 18
1024 3138 109 25 octobre.

811 3188 48 23 ON
875 3188 169 23 DEMANDE

676 3222 38 21 La
727 3223 147 24 compagnie
888 3222 145 26 état-major
1046 3223 34 21 du
1093 3224 28 21 3e
1137 3227 61 17 cara-

648 3249 93 21 biniers
760 3250 114 24 cyclistes
891 3249 132 21 désirerait
1040 3251 112 20 recevoir
1171 3255 34 16 un

649 3275 84 22 ballon
751 3275 16 20 d
767 3284 14 17 e
799 3276 105 21 football
922 3277 26 20 et
965 3280 35 17 un
1017 3281 8 16 £
1034 3276 127 22 ccordéon.

913 3320 13 12 *
935 3320 12 9 ■

675 3339 50 23 Les
740 3340 121 22 cavaliers
877 3340 34 21 du
925 3340 28 21 2e
971 3340 106 26 peloton,
1093 3340 28 22 7e
1138 3343 59 17 esca-

651 3367 70 24 dron,
745 3367 29 20 4e
799 3366 108 23 lanciers
933 3366 152 22 demandent
1116 3366 23 21 si
1170 3366 37 21 les

1414 2068 48 22 ON
1479 2068 111 21 OFFRE

1246 2104 40 21 .M.
1306 2103 34 21 M.
1368 2103 122 20 Dalimier
1510 2101 49 24 fils,
1579 2101 47 24 254.
1647 2099 135 22 boulevard

1227 2130 112 25 d'Avroy,
1356 2129 17 21 à
1388 2129 81 25 Liège,
1486 2128 64 20 tient
1564 2128 17 21 à
1595 2129 23 21 IR
1636 2125 146 26 disposition

1227 2157 43 21 des
1287 2156 113 21 cantines
1416 2160 33 16 ou
1463 2159 66 17 mess
1545 2154 31 20 de
1591 2154 137 21 nembreux
1744 2158 28 15 ro-

1228 2186 71 17 mans
1325 2182 30 21 de
1380 2182 25 20 la
1430 2182 78 25 petite
1535 2180 152 21 Ululation
1714 2180 58 20 fran-

1227 2210 71 25 çaise,
1314 2210 25 19 et
1356 2210 42 20 d&3
1412 2210 99 19 Revues
1527 2208 42 21 des
1585 2208 71 24 peux
1672 2206 110 21 Mondes.

1287 2269 92 22 POUR
1401 2269 62 22 LES
1488 2263 230 27 CARABINIERS

1341 2296 125 22 PRINCE
1486 2293 178 24 BAUDOUIN

1252 2340 55 22 Une
1322 2339 51 21 fête
1390 2338 131 26 artistique
1539 2336 53 22 très
1609 2335 93 23 réussie
1720 2341 16 16 a
1751 2340 32 16 eu

1225 2366 50 21 lieu
1290 2365 122 21 mercredi
1428 2370 58 16 sous
1500 2365 37 20 les
1553 2362 114 26 auspices
1682 2359 34 24 du
1731 2367 42 16 cer-

1226 2392 36 21 cle
1281 2393 44 20 des
1343 2391 109 21 Intérêts
1473 2390 125 21 Matériels
1618 2389 163 25 Dailly-Bien-

1226 2419 106 21 faiteurs
1351 2419 62 20 dans
1431 2422 48 18 ui*e
1495 2417 61 21 salle
1574 2417 30 20 d>
1621 2417 25 20 là
1664 2416 118 20 chaussée

1226 2445 30 21 de
1278 2444 118 25 Louvain,
1417 2445 62 21 mise
1501 2442 199 27 gracieusement
1721 2441 17 23 à
1759 2441 24 21 la

1228 2474 148 20 disposition
1400 2473 44 20 des
1467 2472 193 27 organisateurs.

1258 2500 98 21 Devant
1384 2504 49 16 une
1461 2497 62 22 salle
1550 2496 174 24 archicomble,
1752 2496 37 21 les

1226 2525 87 23 jeunes
1330 2523 110 22 vedettes
1457 2523 30 23 de
1503 2523 25 21 la
1545 2529 12 14 «
1575 2523 96 24 Troupe
1688 2522 94 20 Gaston

1229 2552 97 22 Raume
1342 2557 13 14 *
1372 2550 191 25 Interprétèrent
1580 2552 43 20 des
1640 2549 149 22 intermèdes

1227 2576 91 22 inédits
1338 2576 51 23 très
1410 2577 131 20 amusants
1561 2576 26 20 et
1606 2576 22 20 le
1649 2574 81 25 public
1752 2579 31 15 ne

1225 2602 54 22 leur
1291 2602 121 26 ménagea
1426 2607 45 21 pas
1485 2602 36 20 les
1534 2601 247 26 appiaidlsseirients,

1257 2630 38 21 La
1314 2630 93 20 recette
1428 2631 29 19 de
1477 2629 65 21 cette
1562 2627 79 22 soirée
1661 2632 56 16 sera
1734 2631 40 16 em-

1227 2656 85 25 ployée
1331 2656 17 21 à
1368 2655 115 26 expédier
1503 2656 44 20 des
1566 2655 59 21 colis
1646 2660 48 15 aux
1714 2659 61 16 cara-

1227 2683 93 20 biniers
1337 2689 12 14 e
1364 2675 90 30 Prince
1468 2681 132 22 Baudouin
1616 2688 12 14 »
1645 2680 29 26 de
1689 2681 95 21 faction

1226 2709 17 21 à
1258 2709 26 20 la
1301 2709 128 22 frontière.

1253 2736 39 20 On
1308 2735 154 26 remarquait
1478 2735 156 21 notamment
1651 2736 63 20 dans
1729 2735 45 21 l'as-

1226 2761 118 22 sistance:
1362 2762 33 20 M.
1405 2757 123 25 'Fernand
1543 2762 73 20 Blum
1641 2762 133 24 bourgmes-

1229 2791 38 19 tre
1287 2791 30 20 de
1336 2789 166 23 Schaerbeek:
1522 2789 33 21 M.
1573 2789 83 22 Brion,
1675 2788 113 23 échevin;

1228 2814 59 21 MM.
1309 2815 97 20 Leroux
1427 2816 25 19 et
1473 2815 139 24 Xhignesd'.-
1642 2813 142 21 conseillers

1227 2838 176 27 communaiïx;
1422 2841 36 20 les
1477 2841 190 20 commandants
1686 2840 53 24 Nys
1758 2842 26 19 et

1226 2867 38 20 De
1281 2868 109 20 Cooman
1407 2868 64 19 ainsi
1490 2872 46 20 que
1554 2868 43 19 des
1613 2867 123 21 officiers/
1744 2866 30 21 dé-

1228 2893 83 25 légués
1327 2893 45 22 des
1386 2894 28 20 8e
1430 2894 30 21 de
1477 2893 66 26 ligne
1559 2893 27 21 et
1601 2893 28 21 3e
1645 2893 139 21 chasseurs.

1230 2962 120 68 On
1404 2969 380 79 rouspète.*,

1260 3074 95 45 on
1389 3058 355 79 suggère...

1228 3180 48 23 UN
1287 3180 126 22 SOtDAT
1425 3180 85 23 CHEZ
1522 3180 60 22 IJSS
1593 3179 192 25 MERCANTIS

1261 3219 42 24 Un
1325 3219 86 25 soldat
1432 3226 33 18 en
1487 3221 207 23 cantonnement
1716 3220 66 24 dans

1230 3256 32 18 aa
1278 3251 96 29 village
1389 3250 144 24 ardennais
1548 3256 67 19 nous
1628 3250 102 30 signale
1744 3256 38 19 .es

1230 3280 62 24 faits
1311 3282 121 23 suivants
1443 3286 6 17 :

1257 3321 28 5 —
1299 3311 87 21 Soldat
1403 3310 120 26 mobilisé,
1541 3311 103 25 j'habit*
1662 3316 61 16 avec
1742 3316 44 16 ma

1229 3337 92 21 femme
1341 3342 48 16 une
1407 3338 99 20 maison
1524 3338 17 21 à
1559 3337 86 22 l'écart
1663 3339 58 20 d'un
1739 3338 35 21 vil-

1230 3359 56 30 lage
1309 3364 141 21 ardennais.
1469 3364 114 25 .N'ayant
1605 3369 46 20 paa
1674 3364 106 21 l'électri.

650 3393 74 20 aim*-'
734 3393 7 22 ;
760 3399 11 13 -i
795 3392 115 22 lectrices
940 3393 99 21 vculeut
1070 3393 58 21 bien
1153 3392 55 22 leur
1229 3391 55 24 cité,
1296 3391 25 25 Je
1335 3392 53 22 suis
1402 3390 80 26 obligé
1497 3391 124 21 d'acheter
1636 3392 32 20 du
1682 3391 101 26 pétrole.

834 3731 33 41 y.
870 3722 62 51 VI
943 3726 12 45 f

704 3772 357 105 FRÈRES

706 3924 123 26 6o:TE5
846 3927 43 24 DC
905 3928 152 24 1O0-15O-

705 3950 70 23 200
785 3950 38 23 6T
830 3951 62 24 2SO
902 3950 157 29 6«AMM6Ç

710 3981 305 49 AVANTAGEUX
1030 3999 34 32 *
1084 3989 215 46 PRATIQUÉ

1092 3820 260 59 ir^%flgs

1596 3879 165 46 ^Nijg^'

654 4095 187 21 confectionner
872 4092 31 24 12
934 4100 57 16 sacs
1025 4099 32 17 en
1091 4096 60 20 toile
1176 4096 31 20 de

651 4120 15 22 1
680 4125 34 17 m.
729 4122 21 22 X
767 4121 14 21 2
795 4124 33 18 m.
842 4126 63 22 pour
919 4122 55 21 leur
989 4126 73 21 corps
1077 4122 30 21 de
1122 4121 84 27 garde.

921 4147 13 14 *

910 4164 13 12 *
932 4164 13 13 .
967 4169 5 5 ■

679 4177 38 21 La
740 4177 29 21 2e
791 4178 153 25 compagnie,
962 4177 34 22 du
1019 4177 28 21 7e
1071 4177 72 26 génie
1167 4176 31 22 de-

651 4202 101 23 mande:
775 4209 35 16 un
829 4203 177 26 phonographe
1026 4208 61 17 avec
1107 4202 100 27 disques

653 4229 76 24 (dans
743 4235 34 16 un
792 4230 93 21 ceffret
898 4231 22 24 si
934 4230 127 26 possible),
1075 4230 44 22 des
1132 4231 75 20 livrés

653 4256 111 26 français
784 4257 26 20 et
832 4256 133 21 flamands.

910 4299 13 13 *
933 4296 21 22 •!
966 4302 4 6 *

679 4319 99 22 Wallon
803 4317 114 23 mobilisé
943 4323 32 16 en
999 4318 116 25 Flandre,
1142 4318 54 22 dési-

652 4347 59 21 rant
731 4346 163 25 approfondir
913 4345 27 22 la
961 4346 89 24 lan-jut:
1073 4345 134 23 flamande,

650 4373 106 24 cherche
775 4376 123 22 personne
917 4372 107 21 aicxablu
1041 4373 112 25 pouvant
1171 4371 35 21 lui

652 4403 125 21 procurer,
795 4399 59 21 soit:
873 4399 15 20 1
906 4398 167 28 dictionnaire,
1087 4398 121 24 français-

653 4426 120 24 flamand,
786 4426 50 20 soit
847 4426 14 20 1
873 4425 151 26 grammairo
1036 4424 127 22 flamande
1178 4428 31 17 en

651 4451 118 26 français,
799 4451 50 22 soit
875 4456 36 16 un
938 4449 171 27 phraséologie
1139 4452 59 19 fran-

650 4478 212 25 çaise-flamande.
877 4478 97 22 Ecrire:
991 4478 101 24 3ergent
1105 4477 102 23 Dineur,

652 4504 151 26 état-major,
823 4504 28 21 Te
869 4504 120 22 bataillon
1012 4504 33 22 iu
1063 4503 80 26 génie.

926 4532 13 13 .

918 4547 10 11 *•
937 4547 21 15 *»

684 4561 107 21 Adressé
828 4566 43 16 ces
907 4561 103 25 jours-ci
1047 4564 48 22 par
1105 4568 5 7 *
1129 4560 78 21 l'abbe

661 4587 126 24 Alphonse
812 4587 238 25 Vandclterckhove,
1079 4586 129 21 aumônier

642 4614 41 29 ,P.
698 4614 28 21 F.
743 4614 42 20 12e
803 4614 54 22 Art.
893 4614 14 21 I
924 4618 94 21 groupe
1035 4613 29 21 E.
1083 4614 34 21 M.
1133 4623 30 5 —
1179 4617 31 16 en

641 4633 152 32 (campagne
808 4649 30 19 y-
854 4641 42 25 qui
912 4640 72 26 porte
1001 4645 34 16 un
1052 4639 52 22 très
1121 4640 38 21 vif
1175 4640 36 20 in-

1231 4094 62 22 Bon.
1310 4094 31 23 Je
1359 4100 40 16 me
1418 4096 80 21 rends*
1511 4101 33 15 au
1563 4093 90 28 village
1672 4094 32 25 et,
1722 4094 64 22 dans

1231 4126 35 17 un
1282 4121 122 25 magasin,
1421 4127 32 15 on
1471 4122 101 25 accepte
1589 4122 30 23 de
1636 4127 40 17 nie
1694 4121 91 21 vendre

1233 4148 32 21 du
1282 4148 95 25 pétrole
1393 4149 29 24 si,
1438 4154 63 26 pour
1515 4149 58 25 cinq
1587 4149 78 24 litres,
1680 4146 106 28 j'achète

1232 4178 33 17 un
1281 4174 52 21 kilo
1348 4175 30 22 de
1393 4175 56 21 café
1463 4174 17 22 à
1493 4174 28 21 15
1536 4175 32 21 fr.
1581 4175 31 21 Je
1627 4179 40 17 me
1681 4175 54 21 suis
1751 4175 25 21 in-

1233 4199 70 23 cliné.
1325 4201 58 22 Non
1404 4207 60 15 sans
1485 4207 91 20 penser
1595 4199 59 28 qu'il
1675 4200 113 23 faudrait

1232 4228 90 22 mettre
1342 4228 37 21 les
1400 4229 134 21 mercantis
1554 4227 18 22 à
1590 4228 26 22 la
1634 4226 92 25 raison.

1306 4275 186 23 L'ECHANGE
1511 4274 64 23 DES
1594 4273 118 26 TiTRES

1344 4303 47 21 DE
1398 4300 4 6 '
1415 4300 189 25 L'KBJl'KUWT
1627 4303 56 22 1D88

1267 4332 39 25 La
1330 4331 124 26 méthode
1482 4332 114 31 adoptét
1622 4339 71 24 pour
1718 4333 70 25 faire

1234 4361 135 30 l'échange
1389 4362 47 25 des
1454 4363 148 25 certificats
1621 4362 165 32 pro'visoiles

1236 4395 93 22 contre
1348 4393 39 24 les
1407 4393 76 24 titres
1503 4393 135 26 définitifs
1658 4394 33 24 de
1710 4394 68 25 l'Em-

1234 4424 82 28 prunt
1333 4423 16 24 à
1366 4422 63 25 Lots
1447 4422 65 25 1938
1528 4425 41 23 est
1585 4422 57 25 loin
1661 4424 32 24 dc
1711 4426 65 22 satis-

1234 4453 68 24 faire
1317 4453 38 24 les
1369 4454 133 29 porteurs.

1265 4482 74 25 Nous
1361 4489 83 18 avons
1465 4482 102 31 signa.é
1589 4483 199 25 dernièrement

1234 4513 132 30 l'opinion
1380 4513 63 24 d'un
1455 4519 101 26 groupe
1570 4514 32 24 de
1616 4514 114 24 lecteurs
1741 4514 47 31 qui

1234 4542 203 35 s'insurgeajent
1454 4545 94 23 contre
1566 4545 25 23 le
1609 4544 50 24 fnit
1676 4550 61 25 que,
1754 4551 34 17 au

1236 4575 52 22 lieu
1296 4585 4 15 :
1311 4574 33 24 de
1366 4574 58 25 leur
1445 4576 125 23 remettre
1593 4573 47 25 des
1663 4574 125 24 numéros

1237 4601 142 27 différents
1392 4609 102 18 comme
1506 4603 34 24 ils
1551 4603 24 24 le
1589 4603 154 29 désiraient,
1756 4610 35 18 on

1235 4635 58 25 leur
1315 4635 134 24 remettait
1472 4635 47 25 des
1542 4633 84 26 séries
1650 4635 139 32 groupées,

698 4716 231 107 {&&

476 4994 132 25 Procurez
626 4992 22 26 à
666 4994 77 24 votro
761 4992 67 27 cher
845 4994 126 26 mobilisé
993 4996 30 24 la
1043 4996 170 26 satisfaction
1234 4996 37 26 de
1292 4998 117 30 pouvoir
1427 4997 128 31 prendre,
1573 5006 39 19 en

476 5033 162 25 campagne
650 5033 108 19 comme
770 5026 68 26 chez
848 5027 47 27 lui,
907 5031 62 23 tous
979 5029 42 25 les
1032 5031 74 25 soins
1118 5030 36 26 de
1166 5030 101 26 toilette
1280 5033 27 23 et
1316 5030 148 32 d'hygiène
1474 5032 136 27 dentaire.

475 5065 78 25 Dans
567 5064 28 26 le
609 5064 69 26 colis
692 5071 57 23 que
764 5070 70 19 vous
848 5064 39 25 lui
902 5065 128 27 destinez,
1045 5067 109 27 ajoutez
1169 5067 72 24 donc
1256 5066 42 25 les
1312 5066 109 26 articles
1436 5066 94 26 GIBBS
1544 5074 71 23 pour

476 5102 30 25 la
519 5101 91 27 barbe
619 5110 10 17 :
644 5101 28 26 le
686 5102 88 24 rasoir
788 5100 37 26 de
840 5100 144 31 précision,
998 5102 42 26 les
1054 5102 90 26 lames
1159 5102 94 27 GIBBS
1270 5105 112 25 minces,
1399 5103 28 25 le
1441 5102 130 27 blaireau
1586 5106 28 23 et

475 5138 28 26 le
517 5136 113 29 célèbre
644 5137 89 26 bâton
746 5137 38 27 de
798 5145 91 19 savon
902 5146 41 18 au
957 5139 65 26 cold
1035 5147 105 19 cream;
1154 5147 41 19 un
1208 5139 67 26 tube
1290 5139 37 26 de
1341 5139 68 31 pâte
1418 5138 141 27 dentifrice
1573 5147 39 19 ou

477 5182 39 18 un
529 5181 91 19 savon
634 5174 142 26 dentifrice
791 5174 102 27 GIBBS,
907 5182 58 20 une
978 5175 96 27 brosse
1089 5176 21 26 à
1124 5177 80 25 dents
1219 5176 188 26 OTOMATIC.

1808 1610 37 23 les
1859 1609 136 30 obligeant
2009 1609 32 24 de
2056 1609 24 24 la
2094 1611 71 23 sorte
2179 1610 15 24 à
2207 1608 47 25 des
2268 1608 84 25 échan-

1807 1645 45 24 ges
1872 1639 139 25 laborieux
2030 1641 27 23 et
2076 1638 114 26 coûteux
2208 1645 69 25 pour
2296 1639 55 24 réta-

1807 1670 53 23 blir
1878 1670 59 24 leur
1955 1669 171 31 portefeuille
2146 1670 66 24 dans
2231 1669 26 24 la
2276 1671 86 23 forme

1808 1701 46 30 qui
1870 1701 58 23 leur
1943 1699 135 25 convient.
2094 1700 52 24 Car
2161 1700 65 25 c'est
2242 1698 57 26 cela
2316 1701 47 29 qui

1808 1732 124 26 importe.

1843 1761 41 23 On
1898 1767 66 18 nous
1977 1768 15 17 a
2005 1760 48 28 dit,
2066 1765 51 26 que
2129 1759 25 25 le
2166 1761 56 24 sort
2235 1762 39 22 est
2287 1766 66 18 .aveu-

1812 1791 41 32 gle
1874 1794 26 22 et
1920 1798 51 25 que
1994 1792 34 24 lei
2049 1792 112 25 numéro
2182 1798 15 18 a
2218 1794 92 22 autant
2331 1792 34 23 de

1872 1890 108 52 VOUS
2000 1891 52 50 NE
2075 1893 129 48 SJW-Z
2225 1891 79 51 PAS

1866 1966 52 50 DE
1953 1966 99 54 QUOI

1855 2033 223 68 DEMAIN

1859 2127 106 56 SERA
1986 2131 95 52 FAIT

1843 2220 26 17 Et
1886 2219 101 21 pourtant,
2004 2221 50 14 voua
2070 2216 98 22 voudriez,
2187 2215 43 21 plus
2247 2218 38 17 que
2301 2214 22 20 ja-

1843 2241 51 17 mais
1920 2240 57 17 avoir
1995 2243 27 14 un
2040 2241 90 14 nouveau
2148 2238 57 19 poste
2223 2236 24 17 de
2266 2236 56 17 radio
2326 2235 5 17 I

1844 2258 58 22 Mais"
1918 2265 50 14 vous
1990 2264 25 15 ni
2038 2259 76 18 désirer
2137 2262 36 17 pas
2196 2262 49 14 voua
2268 2258 65 20 priver

1843 2285 59 17 d'une
1918 2281 67 23 grosfé
2001 2285 82 19 lomme,
2099 2282 20 17 et
2135 2284 49 14 voua
2202 2281 43 16 êtes
2259 2281 19 16 si
2295 2282 37 19 peu

1843 2307 35 17 sûr
1895 2306 25 17 de
1939 2304 83 18 l'avenir
2040 2307 49 17 pour
2107 2304 80 16 acheter
2203 2302 15 17 &
2235 2299 72 20 crÊdltl

1843 2350 132 19 Vouïe2-vdu,s
1990 2352 27 14 un
2032 2348 56 21 poste
2103 2348 24 18 de
2141 2348 62 22 radio,
2219 2347 44 17 tout
2277 2346 55 23 neuf,

1844 2376 48 14 aveo
1907 2372 101 20 garanties
2026 2370 99 20 d'Ualnea,
2142 2373 24 14 en
2183 2368 98 18 location?

1844 2395 18 17 A.
1877 2394 65 21 partit-
1958 2393 24 18 da
1997 2392 24 18 40
2038 2393 25 16 fr.
2081 2395 38 18 par
2133 2392 57 19 mois,
2208 2394 48 14 voua
2273 2393 59 15 aurez

1844 2419 27 14 un
1890 2416 102 19 rôceptout
2010 2415 24 17 de
2054 2415 55 16 toute
2127 2413 96 21 pramlère
2242 2414 88 18 marque.

1844 2438 55 17 C'est
1916 2437 64 18 moins
1997 2437 57 17 lourd
2070 2438 39 18 que
2125 2435 18 18 le
2159 2434 70 22 crédit,
2247 2434 21 18 Dt
2283 2437 49 14 vous

1844 2459 108 20 n'ebeagez
1968 2462 37 17 paa
2022 2456 92 19 l'avenir!

2061 2522 19 16 A
2092 2519 85 18 TEMPS
2190 2516 142 22 NOUVEAUX

2054 2544 125 25 FORMULE
2194 2547 138 19 NOUVELLE

1842 2502 173 67 RADIO

1988 2602 343 69 LOCATION

1842 2706 74 18 Ouvert
1930 2706 24 17 de
1969 2707 11 16 9
1995 2705 14 18 à
2025 2706 23 17 19
2063 2706 21 17 h.
2104 2710 6 15 ;

1843 2734 103 18 dimanche
1962 2735 24 17 dc
2001 2735 12 17 9
2029 2734 15 17 à
2059 2734 23 18 13
2097 2735 20 17 h.

1940 2776 42 19 144,
2004 2773 112 20 Boulevard
2137 2775 63 17 Emile
2220 2776 104 22 J-Hqmaln

1918 2798 160 17 BHC'.'iELLES.
2103 2805 27 6 —
2154 2796 43 19 Tél.
2224 2797 95 17 17.U5.3Û.

1848 2841 114 18 Conditions
1976 2840 96 21 gratuites
2087 2845 34 13 sur
2133 2841 103 18 demande.
2265 2840 55 21 (111)

1808 2932 102 25 chance
1925 2939 51 25 que
1991 2932 35 25 tel
2040 2931 83 26 autre.
2138 2932 62 25 Cela
2214 2932 43 25 n'a
2272 2931 58 26 rien
2347 2931 15 26 à

1809 2962 59 25 voir
1891 2963 67 25 dans
1980 2963 27 24 la
2030 2962 131 32 question.
2184 2962 36 26 Ce
2244 2965 46 28 qui
2313 2962 37 25 im-

1808 2992 85 32 porte,
1906 2992 64 26 c'est
1987 3001 51 23 que
2052 2994 25 24 le
2093 2992 140 29 créancier
2249 2994 36 24 du
2300 2999 51 25 gou-

1813 3023 164 29 vernement,
2007 3020 71 28 celui
2108 3022 46 33 qui
2182 3024 40 24 lui
2251 3025 112 30 apporte

1808 3061 49 18 son
1871 3057 101 29 argent,
1985 3062 15 18 a
2014 3052 26 28 le
2052 3056 70 23 droit
2136 3056 92 27 absolu
2244 3057 31 22 de
2290 3055 61 24 choi-

1807 3086 38 23 sir
1863 3085 38 25 lés
1919 3085 75 24 titres
2012 3086 46 30 qui
2074 3086 165 34 justifieront
2255 3091 29 19 sa
2302 3089 49 27 par-

1809 3114 148 33 ticipation.
1981 3116 122 24 Certairs
2128 3115 119 25 désirent
2272 3115 78 31 possé-

1809 3145 48 26 der
1871 3146 47 24 des
1931 3146 92 29 séries,
2037 3146 115 26 d'aiitus
2165 3145 137 29 préfèrent
2315 3147 47 24 des

1808 3175 125 26 numéros
1948 3174 151 31 différents,
2113 3176 64 26 c'est
2190 3176 16 24 à
2219 3176 131 32 l'emprun-

1808 3208 60 23 teur
1884 3207 16 25 à
1918 3207 40 24 les
1977 3205 148 27 contenter.

1840 3244 43 24 Un
1907 3250 14 17 «
1930 3245 101 23 rentier
2039 3251 14 16 »
2077 3250 67 19 nous
2168 3244 67 26 écrit
2258 3244 15 24 à
2298 3251 52 18 nou-

1809 3281 65 18 veau
1889 3274 15 25 à
1918 3282 30 17 ce
1962 3274 68 31 sujet
2044 3276 33 27 et,
2090 3277 58 22 tout
2161 3282 6 12 ■
2176 3282 15 17 i*
2214 3275 147 24 'econnais-

1809 3307 60 22 sant
1895 3304 65 31 qu'il
1986 3306 39 24 est
2050 3305 157 31 intpbssible
2234 3306 32 23 de
2292 3305 68 24 faire

1808 3334 145 32 l'échange,
1975 3335 112 25 numéro
2110 3341 69 26 pour
2200 3334 120 30 numéro,
2342 3337 18 23 il

1808 3365 164 32 rcvendiq-ie
1984 3372 50 18 son
2047 3364 73 26 ui-oit
2132 3365 81 26 d'êt.i.
2225 3365 72 25 servi
2310 3366 40 24 sui-

1809 3398 63 23 vant
1886 3403 49 17 son
1951 3395 73 25 désir
2039 3398 26 23 et
2078 3403 55 17 non
2154 3396 99 25 ,1'lvniit
2268 3397 25 23 le
2308 3395 51 26 boh

1809 3425 103 31 plaisir,
1929 3427 55 30 qui,
2000 3426 79 28 dit-il,
2095 3426 67 25 n'est
2177 3433 49 18 ras
2242 3427 119 30 toujours

1809 3457 138 33 dépourvu
1964 3456 62 27 d'un
2042 3457 103 25 certain
2160 3456 84 31 esprit
2260 3457 33 25 de
2309 3456 51 25 brl-

1810 3487 86 28 niode,
1917 3487 32 24 dj
1970 3484 142 34 l'employé
2131 3487 97 30 chargi
2248 3488 33 27 de
2302 3493 50 26 pro-

1809 3517 81 24 céder
1908 3517 15 25 à
1941 3517 146 31 l'échange.
2105 3517 72 25 Pour
2195 3517 132 26 r.;rt!édler
2348 3524 10 7 *

1810 3548 42 24 cet
1871 3547 53 25 état
1945 3548 32 24 de
1997 3545 90 31 chose,
2107 3548 20 24 il
2145 3554 28 19 .«e
2193 3554 117 25 nrupose
2330 3547 32 25 de

1812 3584 32 18 ne
1864 3578 61 31 plus
1945 3578 118 30 échang3
2097 3583 43 19 ses
2159 3578 76 24 titres
2255 3582 51 21 fine
2327 3584 34 18 un

1809 3606 15 26 à
1843 3608 26 24 la
1889 3608 64 28 fois;
1975 3615 30 18 ce
2024 3613 59 19 sera
2103 3609 91 26 autant
2214 3607 17 25 d
2267 3609 93 23 travail

1810 3639 33 24 ert
1865 3635 60 34 plus
1946 3640 70 29 pour
2037 3635 237 28 l'administration
2295 3639 67 24 msis

1809 3674 33 20 au
1865 3669 96 28 mains,
1982 3669 38 24 lui
2040 3675 59 18 sera
2120 3665 124 30 satisfait.

1840 3698 72 25 Pour
1936 3705 31 17 ce
1992 3699 46 30 qui
2063 3704 133 20 concerne
2221 3697 38 26 les
2284 3698 76 25 titres

1810 3728 60 31 déjà
1889 3729 140 30 échanges,
2046 3729 20 24 il
2081 3735 118 25 propose
2216 3728 58 25 ceci
2288 3735 8 19 :

1837 3776 29 6 —
1877 3767 37 20 La
1943 3766 104 26 Bdnque
2076 3766 139 28 Nt^tion*»le,
2239 3765 71 26 dit-il,
2333 3764 7 28 j
2351 3771 11 15 t

1810 3793 109 26 bougera
1939 3798 52 22 pas,
2011 3794 17 20 il
2047 3793 41 26 n'y
2107 3794 56 22 faut
2181 3799 45 21 pas
2245 3795 118 25 compter,

1811 3821 63 22 mais
1898 3820 140 22 l'initiative
2062 3820 84 27 privée
2171 3821 113 26 pourrait
2307 3825 48 22 sup-

1811 3847 66 27 pléer
1892 3846 17 23 à
1924 3848 65 22 cette
2006 3852 110 21 carence,
2132 3849 37 21 les
2184 3848 116 26 Banques
2316 3847 38 27 pri-

1812 3875 56 24 vées
1892 3875 26 22 et
1942 3876 35 21 les
2002 3876 89 25 agents
2116 3876 29 22 de
2171 3876 95 25 change
2292 3879 62 22 pour-

1811 3902 87 25 raient,
1914 3900 148 27 semble-t-il,
2078 3901 119 27 procéder
2212 3904 149 24 moyennant

1812 3934 46 18 une
1871 3929 74 23 faible
1959 3928 185 23 rémunération
2155 3928 17 23 &
2182 3929 126 26 l'échange
2320 3929 43 22 dec

1811 3957 73 21 titres
1900 3958 26 20 et
1942 3957 18 20 il
1975 3957 84 25 ajoute
2070 3963 6 15 :

1837 3989 13 15 «
1861 3982 75 23 Votre
1949 3984 196 25 correspondant
2155 3982 156 25 occasionnel
2322 3989 32 19 au

1811 4012 50 20 ralt
1877 4016 34 21 pu
1928 4011 69 21 aussi
2013 4012 120 24 critiquer
2180 4012 66 25 juste
2264 4011 59 21 titre
2340 4011 21 21 le

1810 4037 110 23 manière
1940 4038 55 23 tout.
2004 4039 24 26 ,à
2048 4038 49 22 fait
2114 4038 206 26 bureaucratique
2339 4042 23 18 et

1812 4065 180 26 lnqtiisitdrlale
2019 4064 61 23 avec
2108 4066 103 25 laquelle
2240 4064 124 27 l'échange

1811 4094 43 20 des
1869 4092 73 23 titres
1957 4093 39 21 est
2010 4091 68 23 tait...
2092 4087 39 27 "rie
2146 4092 81 21 faut-il
2243 4098 45 20 pas
2303 4096 51 17 rem-

1811 4120 49 25 plir
1879 4125 34 16 un
1935 4119 137 23 bordereau
2094 4124 30 17 en
2145 4125 16 20 y
2181 4120 124 22 annotant
2325 4124 39 16 ses

1811 4151 65 22 nom,
1895 4146 116 27 prénoms
2030 4148 27 22 et
2077 4146 107 27 qualités
2206 4147 30 24 (il
2254 4147 40 23 est
2313 4148 53 20 vrai

1810 4179 47 20 que
1873 4177 96 17 comme
1984 4179 32 15 on
2031 4177 32 18 ne
2079 4167 119 29 tîeniahâ.
2214 4178 46 21 pas
2276 4173 87 21 encore

1811 4198 24 23 là
1850 4202 68 21 carte
1933 4198 134 26 d'identité,
2082 4205 29 16 ce
2126 4205 57 19 sera
2195 4203 64 23 pour
2271 4200 25 21 la
2310 4204 45 22 pro-

1811 4227 87 21 chaine
1914 4227 55 25 fols,
1984 4232 32 17 on
2030 4228 60 24 peut
2105 4227 104 23 inscrire
2223 4228 22 23 le
2260 4232 60 16 nom
2334 4228 30 20 de

1811 4259 29 16 sa
1857 4254 138 22 belle-mère
2013 4258 32 18 ou
2061 4253 64 24 celui
2142 4254 29 23 de
2188 4259 45 17 son
2248 4256 117 20 receveur

1811 4282 30 21 de
1862 4277 213 26 contributions...)
2096 4284 33 18 en
2146 4285 17 22 y
2182 4279 107 23 mettant
2308 4284 64 18 tous*

1811 4306 36 24 lés
1862 4308 95 21 mimer,
1967 4314 12 15 s
1995 4309 44 21 des
2055 4308 78 25 titres,
2149 4310 59 20 etc...
2223 4308 22 22 le
2260 4307 104 26 préposf

1811 4335 17 21 à
1845 4333 127 27 l'échange
1990 4335 42 29 n'y
2050 4336 146 20 transcrit-il
2215 4339 45 22 pas
2279 4338 32 18 en
2329 4339 27 17 re-

1810 4363 63 24 gard
1890 4362 36 23 les
1942 4362 116 21 numéroB
2075 4362 44 24 df»
2134 4362 72 22 titres
2223 4362 95 21 donnés
2333 4367 31 16 en

1813 4389 117 26 échange,
1959 4389 53 24 etc.,
2039 4389 63 21 etc.?
2130 4388 201 24 L'Administrât:
2335 4393 31 17 on

1810 4416 158 22 cublie-t-elle
1982 4415 59 27 qu'il
2054 4412 74 29 s'agit
2141 4416 25 23 là
2180 4417 31 21 de
2224 4416 73 21 titres
2312 4422 12 14 «
2332 4421 32 17 au

1813 4442 102 26 porteur
1922 4448 13 16 »
1948 4444 26 21 et
1985 4447 47 21 que
2046 4444 30 21 de
2089 4448 28 16 ce
2130 4436 49 30 fait
2191 4442 17 22 il
2221 4443 77 22 serait
2310 4443 56 26 plus

1811 4469 109 26 adéquat
1934 4475 47 20 que
1994 4470 23 21 le
2031 4469 138 27 guichetier
2182 4469 110 27 échange
2306 4470 58 22 titre

1812 4501 62 21 pour
1888 4496 60 23 titre
1962 4501 59 19 sans
2036 4501 96 18 aucune
2146 4498 71 24 autre
2232 4495 133 27 formalité,

1813 4518 74 31 ap'rès
1904 4523 73 26 B'&tTfl
1995 4523 86 23 assuré
2100 4529 48 22 que
2165 4526 37 21 les
2219 4524 73 24 tltre.4
2308 4523 49 24 don-

1814 4549 45 26 nés
1880 4549 16 22 à
1918 4550 126 26 échanger
2064 4556 32 17 ne
2118 4554 57 19 cont
2196 4556 46 22 pas
2264 4550 102 27 frappés

1812 4577 165 26 d'opposition
1997 4583 33 16 ou
2048 4577 125 26 peut-être
2192 4578 81 26 même
2292 4577 77 24 sortis

1813 4604 16 21 à
1847 4609 34 16 un
1899 4604 49 22 tira
1949 4616 14 14 0
1966 4611 13 15 e
1998 4603 126 23 antérieur
2134 4604 13 22 ?

1847 4626 248 29 L'admihistràtic-i
2110 4629 35 28 du
2157 4631 98 25 Trésor
2267 4638 29 20 se
2310 4633 54 22 di.ii

1814 4658 32 28 de
1859 4661 127 31 ménager
1998 4661 39 24 les
2050 4658 164 34 capitalistes
2227 4662 15 25 à
2256 4662 46 30 qui
2316 4660 51 27 elle!

1814 4698 64 19 aura
1894 4698 98 19 encore
2008 4692 25 24 le
2048 4691 59 30 plus
2194 4693 13 23 .1
2222 4691 96 25 besoin
2334 4691 33 27 de

1814 4720 68 26 faire
1898 4728 34 25 np
1954 4722 25 24 si
1993 4724 26 22 et
2034 4728 33 18 ne
2083 4722 58 25 doit
2155 4729 49 25 pas
2219 4722 99 31 perdre
2334 4722 33 25 de

1814 4757 58 22 vue,
1894 4758 51 25 que
1967 4754 58 22 tir.At
2046 4758 30 19 ce
2099 4752 46 32 qui
2166 4752 145 26 ressemble
2334 4753 33 25 de

1814 4782 63 28 près
1889 4788 35 20 ou
1936 4778 33 29 de
1982 4782 56 25 lol.i
2051 4782 15 24 à
2078 4787 52 20 une
2143 4782 125 26 méthode
2282 4783 86 30 inqui-

1814 4811 129 30 slloriale,
1956 4818 35 22 ou
2005 4811 45 32 qui
2063 4813 65 30 peut
2141 4808 159 31 rassembler
2313 4814 14 25 4
2341 4813 26 24 la

1814 4842 175 33 préparation
2013 4842 62 25 d'un
2099 4849 15 18 c
2137 4842 63 26 last.
2245 4842 47 25 des
2314 4842 44 25 for-

1815 4875 87 27 tunes,
1926 4879 34 21 ne
1986 4873 64 31 peut
2073 4871 149 32 qu'écarter
2245 4871 40 28 les
2308 4872 48 32 pré-

1817 4906 80 22 teurs.
1919 4903 50 25 Les
1991 4910 51 17 ean
2054 4908 47 19 rui.
2153 4898 33 30 de
2208 4901 78 29 l'Etat
2308 4905 61 23 sont

1815 4933 168 32 représentés
2002 4940 28 24 p*
2071 4932 48 26 des
2136 4934 77 25 titres
2232 4938 32 19 au
2285 4937 73 32 «por-

1814 4966 80 22 teur»
1911 4965 26 25 et
1952 4965 69 23 celte
2037 4964 86 24 forme
2138 4975 15 13 a
2169 4969 35 19 un
2237 4963 131 26 attirance

1816 4994 72 30 tente
1911 4992 113 32 spécial,
2049 4999 46 18 ru.*
2115 4994 25 23 '.n
2162 4992 92 33 publi'*
2284 4992 27 26 Si
2333 4998 34 19 on

1818 5027 59 21 •.eut
1892 5030 107 18 assurer
2013 5023 24 25 le
2051 5022 94 26 succès
2160 5024 47 25 des
2221 5022 147 31 prochains

1816 5053 147 32 emprunts,
1975 5052 22 26 il
2009 5053 45 32 n'y
2067 5054 58 25 faut
2137 5051 59 28 .'len
2210 5057 124 26 changer.

2473 480 22 21 A
2507 480 129 21 PROPOS
2649 480 46 21 DE
2708 480 41 20 LA
2762 480 103 22 LIGNE

2478 510 380 22 BBUXELLES-OTTIGNIES

2423 555 159 31 Répondant
2601 555 15 24 à
2634 556 52 24 l'un
2705 555 32 25 de
2756 562 48 18 nos
2822 558 122 23 lecteurs,

2392 588 24 22 la
2433 586 25 24 S.
2474 585 31 25 N.
2522 586 28 25 C.
2566 585 29 25 F.
2610 586 29 25 B.
2665 593 58 18 .ous
2742 587 67 23 icr't
2821 592 8 18 :

2417 642 29 4 —
2459 632 70 20 Dans
2548 636 44 17 vos
2611 632 106 21 éditions
2737 633 32 20 du
2788 632 27 20 10
2834 632 110 21 courant,

2392 663 33 16 un
2443 660 29 20 de
2489 664 44 16 vc-3
2550 659 110 20 abonnes
2676 659 59 21 d'est
2752 659 79 26 plaint
2847 659 33 21 du
2898 660 47 20 fait

2391 691 46 19 que
2458 686 43 22 des
2520 686 80 20 trains
2619 691 61 20 pour
2700 686 124 25 Ottignies
2844 687 101 24 partant

2392 713 31 20 du
2443 713 117 24 Quartier
2578 712 107 26 ifléopold
2705 713 205 25 respectivement
2929 713 16 21 à

2392 739 26 21 12
2433 741 24 20 h.
2471 741 14 19 4
2500 741 26 20 et
2541 740 27 20 12
2583 739 23 22 h.
2622 740 19 23 8.
2657 739 150 22 subissaient
2823 742 112 19 constam-

2392 769 67 19 ment
2477 768 32 20 du
2527 768 83 20 retard
2626 767 15 20 à
2658 772 74 16 cauje
2749 768 30 20 de
2795 768 24 20 la
2836 768 61 20 mise
2915 773 30 15 en

2391 794 100 20 marche
2508 794 57 20 d'un
2583 795 67 20 train
2666 795 117 20 militaire
2800 795 41 25 qui
2858 794 86 21 n'ét;iit

2392 821 90 24 jamais
2499 820 16 21 à
2533 821 98 21 l'heur-j.

2418 863 21 21 Il
2452 869 16 15 a
2482 862 38 21 été
2533 862 107 22 remédié
2652 862 17 22 à
2681 864 65 21 cette
2759 863 127 23 situation.
2898 864 37 19 De-

2392 891 55 24 puis
2466 890 24 23 le
2511 890 33 23 16,
2565 890 114 21 l'horaire
2700 890 33 20 du
2753 890 67 20 train
2842 892 30 21 de
2893 889 44 26 per-

2394 918 186 20 missionnaires
2603 919 27 19 n"
2651 917 62 23 4C10,
2737 917 50 20 visé
2811 923 46 19 par
2878 920 69 17 votre

2393 945 201 25 correspondant,
2612 949 15 15 a
2644 944 39 21 été
2700 944 93 21 avancé
2812 946 29 20 de
2859 945 27 20 16
2903 945 34 20 mi-

2391 974 73 19 nutes
2482 977 44 16 sur
2543 973 25 19 to
2577 974 19 19 it
2615 977 44 15 son
2679 976 124 20 parcours,
2823 973 29 20 de
2871 973 73 23 façon

2392 998 16 21 à
2422 999 77 21 éviter
2514 1001 35 19 les
2564 1000 116 19 ent-aves
2693 998 16 21 à
2723 999 127 21 Bruxelles
2866 999 78 24 (QL.)

2393 1032 49 14 aux
2460 1027 79 21 trains
2559 1026 54 19 -1342
2631 1027 24 19 et
2674 1026 55 20 4350
2748 1031 55 16 vers
2822 1026 125 25 Cttignies

2391 1053 61 21 dont
2471 1052 17 21 il
2507 1053 38 21 est
2564 1053 114 25 question
2697 1053 62 20 duns
2777 1053 25 21 la
2822 1054 122 20 dolcance.

2406 1124 43 20 LA
2470 1122 269 22 REMUNERATION
2759 1123 175 21 MILITAIRE

2423 1168 43 25 Un
2485 1168 102 24 lecteur
2605 1174 66 19 nou.*
2690 1169 68 24 écrit
2770 1175 7 17 :

2416 1217 29 3 —
2459 1205 69 21 Dans
2545 1206 69 22 votre
2631 1206 98 25 journal
2747 1206 31 21 du
2795 1206 27 21 15
2838 1206 106 21 octobre,

2391 1238 59 16 sous
2464 1234 23 21 le
2505 1233 58 23 titre
2582 1241 11 14 «
2610 1233 197 23 Rémunération
2824 1234 44 22 des
2886 1234 53 21 Mili-

2391 1260 76 21 taires
2486 1266 12 13 »
2522 1265 30 15 ~n
2571 1260 29 22 de
2619 1265 44 16 vos
2681 1261 209 24 correspondants
2909 1266 36 15 rc-

2391 1287 78 20 clame
2486 1287 55 25 plus
2558 1287 30 21 de
2605 1287 89 24 justice
2712 1287 62 21 dans
2791 1287 94 21 l'octroi
2902 1288 42 20 des

2392 1313 205 22 rémunérations.

2417 1348 20 20 Il
2458 1354 15 15 a
2493 1348 178 25 parfaitement
2692 1349 89 23 raison,
2802 1351 62 21 tous,
2885 1354 59 15 sans

2391 1375 144 21 distinction
2553 1377 29 20 de
2600 1380 63 21 rang
2680 1376 75 20 social
2773 1381 32 16 ou
2822 1377 30 20 de
2869 1376 75 24 *ïrade

2391 1405 13 18 à
2421 1403 106 24 l'armée,
2542 1405 43 19 ont
2600 1403 78 24 quitté
2694 1405 53 19 leu;*
2760 1404 71 24 foyer
2846 1408 62 20 pour
2922 1404 22 19 le

2390 1430 95 22 3ei*vice
2500 1432 30 19 de
2545 1431 24 21 la
2584 1430 96 27 Patrie;
2696 1431 22 22 le
2733 1430 84 21 devoir
2832 1431 54 20 leur
2902 1435 33 15 im-

2391 1455 58 27 posé
2468 1457 37 22 est
2524 1457 22 21 le
2565 1456 87 23 même.

2416 1491 66 21 Tous
2499 1492 56 20 font
2571 1491 36 21 les
2625 1490 93 24 mêmes
2735 1492 136 23 sacrifices,
2888 1492 56 20 tous

2391 1519 56 21 sent
2467 1517 69 27 prêts
2555 1518 16 21 à
2591 1524 31 15 en
2642 1518 116 21 faire.de
2776 1519 57 25 plus
2852 1519 93 25 grands

2391 1550 88 17 encore
2489 1546 23 20 si
2524 1545 146 25 nécessaire,
2682 1546 16 21 à
2709 1544 90 27 égalité
2812 1547 29 21 de
2852 1547 93 24 charge

2389 1573 53 21 doit
2465 1573 179 25 correspondre
2669 1572 90 26 égalité
2784 1573 159 21 d'indemnité

2390 1600 143 22 éventuelle.

2416 1627 33 21 Et
2464 1628 138 24 cependant
2616 1632 48 15 aux
2679 1631 47 18 una
2740 1627 17 21 il
2771 1628 38 21 est
2823 1627 62 26 payé
2900 1628 43 21 des

2389 1654 200 26 appointements
2607 1659 95 17 comme
2721 1654 89 26 gradés
2829 1660 30 16 ou
2877 1656 66 20 leurs

2390 1682 157 21 traitements
2583 1677 100 26 d'avant
2717 1682 26 21 la
2776 1681 167 22 mobilisation

2391 1714 95 16 comme
2512 1709 197 21 fonctionnaires
2734 1711 25 19 et
2783 1714 49 16 aux
2858 1710 85 20 autres

2390 1740 33 17 un
2440 1737 73 20 franc
2530 1740 46 21 par
2591 1735 22 26 jr
2628 1741 20 16 *.r
2666 1736 76 22 (mais
2758 1737 71 24 qu'ils
2845 1742 27 17 se
2888 1742 47 16 con-

2390 1764 81 21 solent
2491 1764 47 20 l'on
2559 1762 86 22 créera
2664 1761 96 23 bientôt
2779 1762 112 27 l'insigne
2912 1764 32 20 du

2390 1790 81 21 soldat
2488 1789 156 25 nécessiteux
2661 1794 59 17 avez
2739 1790 74 22 droit:
2831 1791 31 22 1.)
2883 1796 62 20 pour

2389 1817 125 23 lui-même
2529 1816 17 22 à
2560 1815 163 28 l'inscription
2739 1822 43 18 sur
2796 1820 23 20 le
2834 1817 51 22 rôle
2901 1819 43 19 des

2390 1844 173 22 bénéficiaires
2582 1844 33 22 du
2634 1850 12 14 «
2665 1844 66 23 Colis
2749 1845 15 11 x
2765 1844 82 21 "tatlsé
2866 1850 23 19 »;
2910 1845 31 22 2.)

2390 1877 63 20 pour
2469 1873 35 20 les
2520 1871 67 24 siens
2603 1871 17 21 à
2635 1871 123 22 l'aumône
2775 1872 43 21 des
2834 1871 15 21 8
2865 1873 51 22 fr.).

2415 1899 54 21 Une
2484 1898 116 22 situatlor
2618 1899 67 21 aussi
2701 1899 190 26 profondément
2906 1901 28 19 af-

2390 1926 119 25 fligeante
2523 1931 31 16 ne
2569 1927 59 24 pevt
2642 1926 126 26 perdurer.
2780 1926 37 21 La
2830 1927 112 24 question

2390 1952 158 22 d'indemnité
2562 1959 49 16 aux
2624 1954 131 20 militaires
2768 1958 58 17 sous
2840 1954 35 23 les
2889 1954 47 20 dra-

2390 1986 79 20 peaux
2487 1980 97 22 devrait
2593 1980 60 23 ..être
2672 1980 127 22 examinée
2818 1982 63 21 dans
2899 1987 44 15 son

2389 2008 124 22 ensemble
2532 2008 25 22 et
2575 2003 81 31 réglée
2674 2012 61 17 avec
2752 2007 83 27 équité
2853 2008 17 21 à
2889 2009 54 20 bref

2390 2033 71 23 délai.

2415 2063 21 20 Il
2450 2067 17 20 y
2480 2070 16 15 a
2509 2061 26 23 là
2546 2067 63 20 pour
2621 2062 70 21 votre
2705 2062 99 25 journal
2819 2067 47 17 une
2880 2063 62 20 belle

2390 2090 111 21 croisade
2518 2088 16 22 à
2550 2093 93 20 mener,
2659 2090 54 21 **.fin
2730 2094 47 21 que
2794 2091 98 19 cessent
2909 2090 35 20 les

2390 2116 118 26 iniquités
2541 2116 125 25 actuelles,
2701 2121 61 17 vou*
2786 2120 76 18 aurez
2887 2122 59 16 avec

2389 2148 61 16 vous
2466 2144 56 21 tous
2539 2144 36 21 les
2590 2143 121 27 patrl-tes
2726 2144 29 20 de
2770 2144 50 21 bon
2836 2148 65 16 sens.

2415 2170 71 20 Nous
2508 2169 178 22 continuerons
2710 2169 25 21 la
2757 2176 14 14 «
2794 2170 112 21 croisade
2931 2176 11 14 i

2391 2197 176 21 commencée...

2529 2260 73 34 Pour
2616 2260 41 35 les
2669 2259 142 35 mobilisés

2419 2313 67 33 dont
2501 2313 28 33 la
2544 2313 108 33 famille
2666 2312 91 34 réside
2771 2326 35 20 en
2822 2313 103 33 France

2417 2403 51 22 Des
2481 2401 91 27 congés
2586 2404 29 22 de
2630 2401 98 23 détente
2741 2403 71 23 d'une
2825 2402 76 22 durée
2915 2402 31 21 de

2392 2429 60 22 neuf
2468 2430 70 25 jours
2555 2429 122 27 pourront
2693 2428 52 22 être
2764 2429 116 22 accordes
2898 2433 50 17 aux

2391 2456 131 22 militaires
2538 2455 125 24 moblliséa
2680 2457 61 20 dont
2757 2457 25 21 la
2798 2456 95 21 famille
2911 2456 26 20 ré-

2393 2482 52 23 side
2463 2488 43 21 en,
2511 2483 105 26 France,

2417 2517 47 21 Les
2485 2514 132 24 modalités
2638 2516 174 25 d'application
2832 2516 15 20 d
2849 2526 13 15 e
2883 2517 63 20 cette

2393 2547 96 18 mesure
2508 2543 85 24 séTont
2611 2541 109 27 publiées
2737 2542 209 26 prochainement.

2467 2583 11 15 „
2626 2576 80 19 «.»*»

2522 2612 71 38 LES
2629 2612 183 39 CHANGES

2685 2693 94 20 Londres,
2797 2693 23 18 21
2834 2694 87 17 octobre.

2414 2715 94 20 Belgique
2532 2716 34 18 (en
2588 2715 79 21 belgas)
2692 2716 114 19 23S0-24O0;
2830 2716 58 17 Paris
2913 2719 32 15 len

2391 2737 77 20 francs)
2487 2737 91 20 176-177;
2595 2738 67 17 Suisse
2681 2740 33 15 (en
2732 2739 78 18 fK&ncB)
2831 2738 113 17 1778-1793:

2391 2759 127 18 Amsterdam
2542 2760 34 17 (en
2599 2760 79 17 florins)
2703 2759 90 20 750-757;
2816 2760 130 20 Copenhague

2393 2781 33 18 (en
2449 2781 118 18 couronnes)
2591 2781 57 19 2075;
2671 2782 114 16 Stockholm
2809 2783 34 16 (en
2865 2786 72 12 couron-

2390 2803 44 18 nes)
2451 2802 114 20 1670-1600;
2582 2803 45 17 03:o
2646 2803 33 18 (en
2695 2804 117 17 couronnes)
2831 2803 105 18 1750-1770

2392 2824 56 17 Italie
2472 2824 34 19 (en
2529 2824 65 22 lires),
2616 2824 47 18 7S75
2668 2829 5 15 ;
2697 2825 78 17 Madrid
2800 2827 33 17 (en
2855 2825 88 20 pesetas)

2389 2847 56 19 3075;
2462 2845 98 19 Lisbonne
2580 2848 33 17 (en
2630 2847 100 20 escudos),
2748 2846 69 21 11012;
2834 2847 111 18 New-YorK

2392 2868 33 19 (en
2445 2868 82 17 dollars)
2556 2867 81 18 102-404
2642 2872 5 15 ;
2670 2870 85 15 Buenos-
2758 2871 55 15 Airca
2835 2870 57 19 (peso
2910 2872 27 17 pa-

2390 2889 42 20 pier
2451 2891 68 16 contre
2538 2890 67 22 livre),
2626 2894 58 13 cours
2704 2891 102 20 officieux,
2830 2892 114 16 1690-1740:

2389 2911 37 18 Rio
2441 2912 24 16 de
2480 2910 81 19 Janeiro
2572 2913 77 18 '(pence
2664 2916 37 16 par
2716 2913 92 21 milreis),
2824 2914 58 16 coufrj
2897 2914 47 16 offi-

2390 2934 62 22 sieux,
2471 2932 45 21 318;
2537 2933 88 18 Athènes
2647 2935 34 18 (en
2700 2934 122 22 drachmes),
2843 2934 45 19 540:
2910 2935 26 17 Ja-

2389 2958 39 16 pon
2446 2956 70 19 (ponce
2532 2958 37 17 par
2586 2956 56 21 yen),
2659 2952 57 25 1401;
2733 2956 125 17 Montevideo
2876 2957 69 19 (pence,

2389 2980 37 16 par
2439 2977 65 19 peso),
2520 2976 57 20 2300;
2591 2977 84 18 Canada
2690 2978 34 19 (en
2737 2978 81 22 dollars,
2832 2978 88 19 413-447.

2416 2999 72 18 (Cours
2507 2996 88 20 officiels
2615 2999 51 17 fixés
2687 3001 38 18 par
2744 3000 20 17 la
2783 3000 82 20 Banque
2883 2997 53 20 d'An-

2390 3020 100 20 gleterre.)
2709 3030 4 5 -
2766 3033 18 4 ...

3004 266 45 38 La
3070 266 227 48 scuscripfbn
3319 265 171 39 nationale

3075 320 43 37 da
3138 320 33 37 la
3191 319 229 47 Croix-Rouge

3146 395 121 30 Dixllme
3290 393 62 33 liste

3001 437 37 22 Au
3058 443 71 16 cours
3148 439 29 21 de
3196 439 65 20 cette
3280 436 112 22 dernière
3409 436 118 24 semaine,

2973 465 8 20 1
2989 465 72 24 appel
3078 465 29 21 de
3124 465 24 21 la
3164 465 170 24 Croix-Rouge
3343 468 32 17 au
3382 469 62 20 pays
3452 468 15 16 a
3475 464 52 25 pris

2974 497 32 16 un
3026 491 125 22 caractère
3170 492 51 20 très
3238 490 100 26 spécial.

3001 518 39 20 On
3059 523 16 16 a
3093 523 33 20 pu
3146 519 128 20 constater
3291 523 53 20 que,
3364 518 63 21 dans
3445 518 82 20 toutes

2974 545 35 20 les
3025 545 91 20 classes
3133 546 29 20 de
3177 547 25 20 la
3215 543 99 25 société,
3329 550 27 15 se
3372 544 156 21 manifestait

2974 571 21 21 le
3011 569 80 23 même
3107 571 66 21 désir
3189 573 29 20 de
3235 571 134 26 participer
3384 576 49 16 aux
3448 576 71 16 mesu-

2974 603 40 15 res
3034 598 43 25 qui
3097 599 57 20 sont
3175 598 79 25 prises
3274 599 16 21 à
3310 598 92 21 l'heure
3423 597 104 22 actuelle

2975 630 45 20 par
3039 627 24 19 la
3081 625 68 21 croix
3167 625 94 24 Rouge,
3280 630 62 20 pour
3360 630 74 19 parer
3451 636 27 4 —
3497 630 30 15 en

2974 657 42 15 cas
3034 652 29 20 de
3080 652 85 22 bCi?oin
3182 664 26 4 —
3225 651 16 21 à
3258 652 68 20 toute
3343 650 157 22 éventualité.

3003 678 64 21 C'est
3090 678 63 23 ainsi
3178 683 46 20 que
3248 677 35 21 les
3306 677 108 22 sections
3438 678 90 20 locales

2975 705 29 20 de
3024 705 23 19 la
3067 704 169 25 Croix-Rouge
3255 705 32 21 du
3306 709 62 21 pays
3387 705 80 20 entier
3485 705 42 19 ont

2975 730 121 22 collaboré
3110 732 16 22 à
3140 735 23 19 la
3176 731 166 25 souscription
3356 732 132 20 nationale.

3002 758 70 22 Voici
3092 757 35 22 les
3147 758 120 25 premiers
3287 758 118 20 résultats
3425 758 104 20 obtenus

2975 784 63 20 dan=5
3055 785 122 21 certaines
3197 790 143 16 communes
3359 785 33 20 du
3410 790 61 20 pays
3493 790 6 15 :

2975 810 98 23 Section
3097 811 77 21 locale
3205 811 30 21 de
3260 813 24 19 la
3307 811 84 21 Croix-

3004 838 85 24 Rouge
3107 838 17 21 à
3141 838 35 22 La
3193 838 120 21 Louvière
3333 837 50 23 (col-

3003 864 73 22 lecte)

2976 891 31 20 M.
3025 892 25 19 et
3067 892 65 20 Mme
3150 892 133 24 Massange
3300 891 30 21 de
3348 891 36 21 Co-

3003 917 78 22 lomba

2976 944 99 21 Section
3099 945 77 21 locale
3208 945 29 21 de
3261 946 25 21 la
3309 944 84 21 Croix-

3003 971 86 25 Rouge
3111 972 16 20 à
3149 971 109 21 Wandre

2976 998 99 21 Section
3101 999 77 21 locale
3204 998 30 20 do
3259 998 25 21 la
3310 998 82 20 Croix-

3003 1024 86 25 Rouge
3110 1023 15 22 à
3146 1023 136 22 Etterbeek

2976 1050 99 21 Section
3098 1052 78 20 locale
3208 1053 29 19 de
3261 1052 26 20 la
3310 1050 83 21 Croix-

3002 1078 86 24 Rouge
3102 1079 16 21 à
3131 1078 111 25 Tongres

2976 1104 98 21 Section
3099 1103 76 23 locale
3207 1104 30 22 de
3261 1105 25 21 la
3310 1103 83 22 Croix-

3004 1130 85 25 Rouge
3110 1132 17 21 à
3147 1130 152 22 Anderlecht

2976 1157 114 21 Madame
3108 1158 63 22 Paul
3190 1157 107 25 Llppens

2976 1183 98 21 Section
3098 1184 77 21 locale
3207 1184 30 21 de
3261 1186 25 20 la
3310 1183 82 22 Crolx-

3002 1210 86 25 Rouge
3110 1210 16 21 à
3147 1211 128 21 Mechelen

2975 1236 100 22 Section
3098 1238 77 20 locale
3207 1238 30 22 de
3261 1240 25 20 la
3309 1237 84 21 Croix-

3003 1264 86 25 Rouge
3110 1265 16 21 à
3145 1265 58 24 Huy

2975 1290 99 21 Section
3098 1291 76 21 locale
3207 1291 29 20 de
3260 1291 25 22 la
3309 1290 83 21 Croix-

3003 1316 86 26 Rouge
3109 1317 16 21 à
3145 1318 35 20 La
3200 1317 121 22 Bouverie

2976 1342 98 22 Section
3095 1344 77 21 locale
3194 1344 29 21 de
3245 1344 107 21 Hamme

2976 1370 132 21 Messieurs
3131 1371 138 24 Henrijoan

2975 1396 98 21 Section
3097 1397 77 21 locale
3206 1399 29 20 de
3261 1397 24 22 ia
3309 1397 83 21 Croix-

3002 1423 99 25 Rouges
3120 1425 30 20 de
3170 1424 142 24 Dottignies

2975 1449 98 22 Section
3098 1451 77 21 locale
3206 1451 30 21 do
3261 1453 25 20 la
3309 1450 84 21 Crolx-

3002 1477 86 25 Rouge
3109 1478 30 20 de
3159 1478 110 20 Woluwe

2974 1503 99 21 Section
3096 1505 78 20 locale
3206 1504 29 21 de
3260 1505 25 21 la
3308 1504 83 21 Croix-

3003 1530 86 25 Rouge
3109 1532 17 21 à
3146 1530 130 21 Thielrode

2975 1555 99 22 Section
3098 1557 77 21 locale
3207 1558 29 20 de
3261 1558 25 20 la
3308 1557 84 22 Croix-

3002 1583 86 25 Rouge
3104 1584 25 23 ,à
3153 1584 137 25 Hoeylaert

2975 1610 32 20 M.
3029 1611 115 20 Fernand
3166 1612 108 24 Courtoy

3002 1636 65 21 Mme
3085 1637 80 21 Saura
3185 1638 36 21 (L
3239 1638 24 23 8)

2975 1663 99 23 Section
3098 1664 76 21 locale
3207 1665 29 20 de
3261 1666 24 19 la
3308 1664 84 21 Croix-

3002 1690 87 26 Rouge
3110 1690 16 22 à
3148 1691 146 21 Libramont

2975 1717 99 22 Section
3098 1718 77 20 locale
3200 1717 29 21 de
3261 1718 25 22 la
3309 1717 83 21 Croix-

3001 1743 86 25 Rouge
3105 1744 16 21 à
3136 1742 127 24 Waterloo

2974 1770 36 20 La
3024 1770 23 20 S.
3060 1771 28 20 A.
3102 1771 43 20 des
3159 1771 136 21 Tanneries
3309 1771 83 20 Mazu-

3002 1796 58 21 relle

2975 1823 99 22 Section
3098 1824 77 21 locale
3206 1825 29 20 de
3258 1824 27 20 la
3309 1824 83 30 Ciplx-

3001 1850 87 25 Rouge
3107 1851 16 22 à
3143 1850 141 21 Tervueren

2973 1876 36 22 La
3020 1877 95 21 Société
3127 1878 93 25 Royale
3232 1878 149 20 Philanthro-

3002 1903 73 25 pique
3100 1912 13 15 c
3136 1905 47 20 Les
3207 1904 109 21 Décorés
3347 1905 43 20 des

3000 1930 72 21 Deux
3089 1930 123 27 Houdeng
3230 1937 13 14 »

3002 1956 33 22 M.
3051 1957 31 21 H.
3099 1957 80 21 ISmeh

2975 1983 32 23 M.
3026 1983 86 22 Albert
3131 1984 112 21 Gutkind

2974 2010 99 21 Section
3097 2011 76 21 locale
3205 2012 30 20 de
3258 2011 27 23 la
3308 2010 83 22 Croix-

3001 2036 87 26 Rouge
3105 2038 16 21 à
3137 2037 114 23 Nandrin

2975 2063 33 21 Le
3027 2063 100 26 général
3146 2067 25 21 et
3190 2065 65 20 Mme
3274 2065 38 22 De
3330 2064 63 21 Con-

3002 2090 76 21 ninck
3097 2091 39 22 (2e
3152 2092 153 21 versement)

3002 2117 51 22 Ont
3069 2118 47 21 fait
3132 2124 34 15 un
3182 2119 142 20 versement
3340 2119 29 20 de
3385 2116 41 24 100
3442 2119 32 22 fr.

3001 2144 33 20 M.
3047 2145 25 19 et
3086 2145 65 20 Mme
3164 2145 101 25 Pigault
3278 2145 29 21 de
3320 2144 128 26 Beaugné;
3463 2146 32 20 M.
3503 2147 25 20 et

2974 2170 66 22 Mme
3055 2171 76 20 Deni3
3147 2172 32 21 du
3194 2171 96 26 Péage;
3306 2171 32 21 M.
3353 2172 29 21 E.
3398 2171 128 26 Tonneau;

2975 2197 33 21 Le
3023 2199 130 23 personnel
3169 2200 29 20 de
3213 2198 67 22 l'Off.
3294 2198 119 21 National
3427 2200 34 19 du
3474 2200 46 23 Pla-

2974 2225 97 20 cement
3086 2226 25 21 et
3125 2224 33 22 du
3173 2224 135 27 Chômage;
3325 2225 36 21 La
3375 2225 96 22 Société
3486 2226 44 21 dee

2974 2250 79 21 Mines
3074 2252 59 20 d'Or
3152 2252 28 21 de
3200 2252 147 25 Kilo-Moto;
3368 2252 66 21 Mme
3455 2252 73 21 Clara

2974 2277 102 26 Hirsch;
3103 2278 58 22 Mlle
3184 2278 69 21 Alice
3277 2279 68 24 Pela;
3371 2278 33 22 M.
3429 2279 100 21 Michel-

2975 2304 79 21 Emile
3074 2305 106 27 Burton;
3200 2305 32 21 M.
3251 2305 59 21 Max
3328 2305 82 22 Elsen.

3003 2331 51 21 Ont
3071 2332 49 20 fait
3137 2337 34 15 un
3189 2333 142 21 versement
3349 2332 29 21 de
3396 2333 28 20 50
3442 2334 30 20 fr.
3493 2338 7 16 :

3001 2358 32 20 M.
3045 2358 116 23 Hanssen
3173 2364 50 17 van
3234 2359 93 24 Calste;
3341 2359 33 22 M.
3385 2359 87 21 Victor
3482 2360 47 20 De-

2974 2384 85 25 lattre;
3076 2384 40 21 Un
3132 2385 102 21 Ancien.

3001 2411 32 21 M.
3049 2412 32 22 M.
3096 2411 113 25 Brigode,
3224 2413 66 21 Mme
3305 2412 84 22 Coclet
3406 2418 6 16 :
3427 2413 28 21 2S
3469 2413 31 21 fr.

3003 2438 58 21 Mlle
3079 2438 69 21 Alice
3168 2439 99 24 Damm,
3286 2440 22 20 le
3328 2440 84 20 Baron
3432 2440 43 21 Ch.
3495 2440 33 21 du

2974 2463 58 22 Sart
3048 2465 29 22 de
3093 2465 115 25 Boulant,
3224 2465 65 21 Mme
3305 2465 109 22 Wellens
3431 2472 6 15 :
3454 2466 28 22 20
3496 2467 32 20 fr.

3001 2491 33 21 M.
3051 2491 121 24 Montalet
3191 2499 6 15 :
3215 2492 27 21 15
3255 2492 34 21 fr.

3001 2518 48 21 Les
3068 2519 60 20 dons
3146 2521 58 19 sont
3221 2524 72 20 reçus
3310 2525 32 16 au
3360 2518 26 23 C.
3403 2519 26 22 C.
3445 2519 83 22 P.6586

2976 2544 29 21 de
3023 2545 24 21 la
3064 2545 169 26 Croix-Rouge
3251 2546 29 21 de
3297 2546 118 25 Betglque
3432 2551 32 16 ou
3481 2551 49 16 aux

2976 2571 115 25 Comptes
3113 2573 103 20 Banrve
3238 2573 29 21 de
3289 2574 24 21 la
3335 2573 96 21 Société
3452 2572 69 23 Géné-

2974 2598 51 21 rale
3045 2604 23 15 n.
3087 2598 82 24 234.43,
3187 2600 102 24 Eanque
3309 2599 29 21 de
3358 2600 127 21 Bruxelles
3505 2605 22 16 n.

2974 2625 95 24 161,000,
3090 2625 172 22 Kredietbank
3282 2632 23 17 n.
3326 2626 76 21 10.945
3422 2637 29 6 —
3468 2631 59 17 sous

2974 2651 111 21 mention
3110 2658 6 15 :
3156 2658 12 14 «
3190 2651 171 26 Souscription
3395 2653 133 22 Nationale

2975 2678 177 26 Croix-Rouge.

3558 264 309 65 REVEILLEZ
3892 262 69 59 LA
3982 252 119 69 BIU

3586 346 75 59 DE
3682 342 193 61 VOTRE
3898 336 191 63 FOIE-

3556 411 62 31 Sans
3629 407 102 31 ralomeï
3746 417 34 8 —
3792 411 23 23 et
3831 414 58 19 vous
3905 411 111 21 saluerez
4028 402 31 27 du
4076 404 25 24 ui

3643 446 24 30 U
3686 447 75 28 matin
3782 441 16 11 "
3808 440 83 35 confié
3906 440 16 29 à
3940 440 56 28 h\oc

3586 492 19 19 U
3625 493 55 19 t&ut
3700 498 47 17 que
3767 498 65 15 votre
3852 494 47 19 foie
3919 498 64 15 verse
4002 494 93 21 chaque

3572 511 59 22 Jour,
3650 517 32 15 au
3701 515 77 19 moine
3797 519 34 14 un
3848 515 56 19 litre
3921 515 29 18 de
3969 514 46 19 bile
4035 514 59 19 dans

3571 534 65 18 votre
3652 534 107 20 Intestin.

3598 554 25 18 SI
3639 555 63 19 cette
3718 555 46 19 bile
3779 556 74 18 arrive
3869 555 55 22 mal,
3940 558 58 17 voue
4013 559 32 16 ne
4061 556 24 19 di-

3569 574 68 22 gérez
3658 578 42 19 pas
3720 578 41 17 vos
3781 576 117 21 aliments.
3918 576 31 19 Ils
3969 581 25 14 se
4014 577 81 21 putré-

3570 596 68 18 llent.
3664 596 62 19 Vous
3748 600 58 15 vous
3828 599 80 16 sentez
3931 597 75 19 lourd.
4032 597 62 20 Vous

3570 616 50 19 êtes
3634 616 112 22 constipé.
3763 617 69 19 Votre
3845 617 130 22 organisme
3990 618 95 21 s'empoi-

3569 640 81 19 sonne,
3666 640 24 16 et
3705 641 58 15 vous
3777 638 49 19 êtes
3841 642 70 18 amer,
3925 639 92 18 abattu.
4033 639 62 19 Voua
4118 641 2 20 |

3569 660 72 18 voyez
3655 658 54 19 tout
3723 661 30 16 en
3767 658 61 19 nolrl

3599 675 42 22 Les
3661 678 96 20 laxatifs
3776 681 54 17 sont
3850 679 42 20 des
3913 679 110 21 pis-aller.
4043 681 51 19 Une

3570 699 57 19 Belle
3640 698 76 20 forcée
3730 699 111 20 n'atteint
3856 703 43 20 pas
3911 699 24 20 la
3949 704 75 17 cauE3.
4038 701 56 20 Ssu-

3570 721 35 19 les
3627 721 35 18 les
3683 720 117 20 PETITES
3823 721 117 20 PILULES
3963 722 131 21 CARTEHS

3571 745 62 19 pour
3647 742 23 19 le
3685 741 67 19 FOIE
3767 743 44 17 ont
3826 742 23 19 le
3865 742 99 22 pouvoir
3980 743 114 20 d'assurer

3572 764 38 17 cet
3631 763 76 18 afilu-T
3728 762 29 19 de
3777 762 45 19 bile
3843 763 41 21 qui
3904 766 58 15 vous
3982 766 112 19 remettra

3570 783 16 20 &
3607 783 64 20 n^uf.
3693 781 125 25 Végétales,
3840 784 91 21 douces,
3950 783 144 23 étonnantes

3571 808 62 20 pour
3652 805 88 19 activer
3757 804 25 19 la
3800 804 53 20 bile.

3601 826 81 22 Exiges
3709 825 34 19 Jes
3769 826 88 18 Petites
3881 825 88 21 Pl'.i-1-s
3994 826 97 23 Carter»

3573 847 87 21 Toutes
3676 846 152 20 Pharmacies.
3845 846 36 20 Pr.
3897 846 70 23 A2.50.

4027 888 65 22 (70S9
4094 889 9 10 V

3557 922 73 63 Les
3646 921 195 64 Théâtres
3858 923 24 61 à
3901 921 205 64 BruxeUes

3420 865 109 24 17,000.—

3419 918 109 23 10,000.—

3434 971 95 24 6,282.—

3433 1024 96 25 5,662.35

3433 1078 95 24 5,600.—

3434 1130 95 25 5,261.75

3434 1157 95 24 5,000.—

3432 1211 96 25 3,972.—

3433 1263 95 26 3,810.35

3434 1317 95 24 3,696.55

3433 1344 96 23 2,054.50

3433 1371 96 24 2,000.—

3433 1424 96 25 1,461,35

3433 1478 97 24 1,288.90

3434 1531 95 24 1,245.10

3433 1584 96 25 1,000.—

3433 1612 95 23 1,000.—

3453 1638 74 21 936.—

3453 1691 76 21 683.50

3453 1744 75 21 627.05

3453 1797 73 22 500.—

3452 1851 76 21 448.25

3452 1931 76 21 250.—

3453 1958 76 21 200.—

3453 1985 77 21 150.—

3453 2039 69 20 130.-

3453 2092 77 21 100.—

3021 2726 185 35 L'AFFAIRE
3225 2726 255 37 D'ESPIONNAGE

3103 2805 4 6 ,
3165 2774 47 32 DE
3227 2774 101 33 LIEGE

3058 2840 39 20 (De
3113 2842 51 18 notre
3179 2843 138 19 ccrretponrjant
3334 2841 113 21 Particulier,

3242 2863 80 27 Liège,
3342 2866 28 20 21
3390 2865 108 21 octobre.

2985 2897 5 4 *
2999 2889 37 22 La
3056 2890 127 23 Chambr»
3200 2891 33 21 du
3252 2892 98 21 Conseil
3370 2898 16 15 a
3405 2891 122 22 cctiflrme

2974 2920 61 21 pour
3048 2921 34 16 un
3094 2917 63 20 mois
3170 2917 22 20 le
3204 2917 104 21 mandat
3321 2917 91 22 d'arrêt
3423 2918 94 21 mainte-

2971 2946 63 20 nant
3054 2946 31 17 en
3107 2941 126 23 détention
3247 2943 29 23 "ié
3296 2943 138 22 lieutenant
3453 2943 73 21 Dora-

2973 2969 61 24 bret,
3059 2974 46 15 son
3128 2969 65 21 amie
3217 2968 99 24 Simone
3340 2970 80 20 Pirlot
3443 2970 25 21 et
3492 2970 35 22 les

2973 2995 55 25 cinq
3052 2995 85 21 autres
3158 3000 136 21 personnes
3316 2994 126 27 inculpées
3464 2995 63 22 dans

2972 3026 47 17 ure
3036 3020 92 26 affaire
3146 3020 180 27 d'espionnage.

2520 3122 877 83 NÉCROLOGIE

2521 3314 36 21 La
2576 3314 151 25 Compagnie
2745 3314 76 25 Belge

2491 3338 44 22 des
2552 3339 89 22 Prei*ns
2658 3339 190 26 Westlnghouse

2550 3365 97 23 Société
2663 3367 130 25 Anonyme
2832 3376 4 4 *
2868 3376 5 6 •

2448 3392 25 21 et

2487 3419 37 21 La
2538 3418 175 23 Manufacture
2728 3417 120 24 Générale

2577 3445 190 26 Métallurgique

2550 3472 96 22 Société
2662 3472 130 26 Anonyme

2473 3498 34 24 97,
2521 3498 96 21 avenue
2630 3499 94 24 Louise,
2738 3499 126 21 Bruxellet

2449 3539 42 21 ant
2510 3539 23 21 le
2552 3540 106 26 prefond
2677 3541 83 24 regret
2780 3540 30 22 de
2830 3541 58 20 faire

2433 3563 3 34 [
2447 3564 57 26 part
2518 3567 31 20 de
2564 3568 24 21 la
2603 3566 70 26 perte
2688 3567 90 21 cruelle
2794 3567 95 25 qu'elle*,
2903 3562 3 35 j

2450 3592 116 24 viennent
2585 3592 145 25 d'éprouver
2748 3598 31 16 en
2798 3593 25 21 la
2841 3599 52 20 pei-

2448 3624 74 17 ryane
2535 3620 30 21 de
2578 3620 53 21 leur
2643 3618 131 23 Prâ*iident
2787 3621 32 20 du
2832 3620 50 21 Con

2433 3642 3 31 [
2447 3645 45 21 3cil
2514 3644 232 23 d'Administration
2766 3645 25 22 et
2811 3646 80 22 Admi-

2448 3669 254 29 nistrateur-dilêgué,

2584 3710 174 25 MONSIETJB

2449 3757 106 60 Robert
2568 3792 14 7 -
2598 3756 85 61 Henri
2720 3757 170 60 MAUTSCH
2904 3754 2 21 :

2535 3833 132 26 Ingénieur
2684 3839 27 17 a.
2728 3836 19 21 I.
2764 3835 43 26 Lg.

2477 3859 210 24 Administrateur
2707 3861 31 22 de
2758 3859 108 24 Sociétés

2487 3885 368 27 Ex-Capltatne-Commondant

2592 3914 31 21 de
2641 3912 109 23 BéflSorva

2538 3935 107 26 Officier
2662 3943 31 18 de
2712 3940 96 22 l'Ordre

2563 3967 31 21 de
2610 3968 25 21 la
2653 3966 128 22 Couronne

2449 3991 128 23 Chevalier
2590 3993 30 21 de
2634 3992 95 22 l'Ordre
2743 3993 30 21 de
2786 3991 88 27 LéopOA

2559 4019 73 21 Croix
2646 4019 31 22 de
2691 4020 94 21 Guerre

2546 4049 62 18 aveo
2622 4046 64 21 deux
2701 4045 96 25 palmes

2566 4071 73 24 Ct-oix
2655 4073 31 21 de
2701 4072 80 22 l'Yser

2514 4110 5 5 •
2552 4105 5 5 •
2574 4097 74 23 OitsIx
2664 4098 33 22 du
2712 4098 53 21 Feu

2477 4124 72 21 Orolx
2568 4125 32 21 de
2618 4125 95 21 Guerre
2732 4124 131 26 Françal*K

2504 4150 114 20 Médaille
2638 4148 30 24 de
2687 4151 26 21 la
2731 4150 109 22 Victoire

2462 4190 5 4 .
2493 4174 115 24 Médaille
2626 4177 224 22 Commé-r.orative

2613 4203 119 22 1914-1918

2495 4229 113 22 Médaille
2627 4230 223 21 Coniiném-iratlvi-

2573 4258 34 20 du
2628 4257 147 20 Centenaire

2450 4292 88 22 décédé
2554 4292 168 26 i-.aopinément
2737 4298 11 20 *,
2764 4294 95 23 Ixelles,
2873 4295 14 13 '*

2450 4318 26 22 19
2492 4319 100 26 octobre
2600 4320 70 25 .1939.
2829 4319 62 23 (7341
2903 4316 3 31 |

2999 3250 127 24 Monsieur
3150 3252 117 26 Lécpold-
3268 3254 86 21 Albert
3378 3255 102 26 Dasnoy
3505 3256 25 20 et

2970 3283 40 16 ses
3024 3279 111 21 enfante:
3151 3279 83 26 Edith,
3248 3280 113 26 Philippe
3375 3282 25 20 et
3412 3282 114 25 Francis-

2999 3313 47 22 Lés
3066 3313 108 21 familles
3194 3313 55 22 Van
3269 3315 179 24 Campe*nhout,
3467 3317 52 20 Das-

2974 3344 55 21 noy,
3046 3340 76 24 Fritz,
3139 3341 115 20 Walhain
3272 3342 26 19 et
3313 3341 132 25 Hoffman,

2957 3360 79 26 "nous
3054 3366 83 25 prient
3155 3367 150 22 d'annoncer
3323 3368 23 21 le
3364 3367 72 22 décès
3454 3370 32 21 de

1948 5133 64 22 SUR
2031 5133 43 22 IA
2093 5133 103 22 LIGNE
2214 5133 27 22 87

1849 5179 41 25 On
1905 5185 68 19 nous
1987 5179 11 23 (
2035 5180 16 22 ".
2069 5180 32 23 de
2115 5179 82 25 Lessi:
2229 5192 8 11 >
2251 5184 8 19 :

1842 5227 29 5 —
1885 5216 39 22 On
1944 5222 27 16 se
1993 5216 121 22 demande
2134 5217 22 21 si
2176 5219 35 20 les
2231 5215 137 27 dirigeants

1816 5243 30 21 de
1862 5245 26 20 la
1905 5242 144 24 S.N.C.If.E.,
2065 5243 125 26 profitant
2205 5245 30 21 de
2251 5243 26 21 la
2293 5238 79 27 situa-'

1816 5271 52 21 tion
1890 5271 111 23 actuelle,
2024 5275 32 17 ne
2079 5272 61 20 vont
2161 5276 46 21 pas
2228 5270 141 26 supprimer

1815 5297 179 22 radicalement
2007 5298 26 20 la
2047 5297 66 25 ligne
2128 5299 29 21 de
2172 5297 98 25 chemin
2285 5296 29 22 de
2329 5298 39 20 fer

1816 5328 17 17 n
1834 5326 9 10 c
1865 5323 29 22 87
1915 5323 454 25 Ba-ssily-Lesslnes-Renalx-Toumai.

1842 5350 40 22 On
1899 5351 115 21 travaille
2031 5351 195 26 d'arracbe-pica
2241 5351 17 21 à
2275 5351 25 20 la
2315 5349 45 23 des-

1815 5377 110 22 truction
1941 5378 45 23 des
2002 5377 68 22 abris
2086 5378 45 21 des
2146 5376 223 30 gardes-barrières

1815 5406 26 20 et
1854 5402 97 24 bientôt
1965 5405 37 20 les
2017 5409 125 22 passages,
2149 5404 18 23 à
2180 5406 90 21 niveau
2285 5409 32 17 ne
2332 5409 27 17 se-

1815 5431 58 22 ront,
1889 5431 56 25 plus
1961 5430 96 27 gardés.
2073 5431 104 24 D'autre
2193 5432 64 27 part,
2273 5432 55 21 tout
2345 5431 22 21 le

1814 5457 109 26 système
1946 5458 45 21 des
2014 5459 226 25 correspondances
2264 5458 22 21 si
2310 5458 56 22 bien

1815 5483 137 23 ordonnées
1966 5484 17 22 11
1995 5490 18 21 y
2025 5490 16 16 a
2055 5485 40 21 dix
2107 5487 70 25 jours
2191 5491 95 18 encore,
2299 5490 16 17 a
2327 5484 40 23 été

1815 5509 191 29 complètement
2017 5511 149 26 bouleversé.
2177 5513 40 22 On
2228 5511 76 24 ferait
2313 5511 54 23 tout

1812 5543 45 17 son
1869 5538 107 26 possible
1989 5542 64 24 pour
2065 5539 101 23 chasser
2177 5541 37 21 les
2226 5544 139 21 voyageurs

1814 5564 74 27 qu'on
1896 5566 118 25 n'agirait
2021 5571 46 21 paa
2075 5567 149 23 autrement.
2231 5565 136 24 Voudrait-

1812 5596 31 16 on
1859 5593 141 25 supprimer
2014 5593 36 21 les
2065 5593 81 22 trains
2160 5598 44 18 sur
2218 5594 65 21 Cette
2299 5593 66 25 ligne

1812 5623 63 23 pour
1890 5624 31 17 ne
1937 5619 90 21 laisser
2041 5619 122 23 subsister
2178 5621 75 27 qu'un
2270 5620 94 21 service

1813 5646 130 22 d'autobus
1961 5647 62 21 dont
2040 5651 122 22 personne
2180 5652 33 18 De
2231 5647 76 22 veut?
2326 5646 39 22 On

1812 5677 32 18 ne
1866 5673 65 22 tient
1952 5676 82 19 aucun
2055 5675 98 25 compte
2176 5676 31 22 de
2228 5674 71 22 l'avis
2321 5674 44 21 des

1812 5700 71 22 chefs
1904 5700 31 21 de
1957 5699 93 23 station
2072 5701 49 25 qui,
2140 5702 147 26 cependant,
2308 5702 56 20 sont

1810 5728 69 22 seuls
1892 5726 18 23 à
1924 5726 129 24 oomiHltre
2068 5727 36 23 les
2118 5728 134 23 véritables
2266 5727 99 23 besoins

1812 5754 44 22 des
1874 5758 139 22 voyageurs
2031 5754 31 23 de
2081 5755 32 22 lei
2122 5761 9 16 :
2154 5756 92 25 région.

1839 5782 48 21 Les
1908 5779 177 26 réclamations
2107 5787 27 17 se
2155 5784 57 21 font
2234 5782 122 22 naturelle-

1813 5809 70 22 ment
1905 5807 52 23 très
1978 5809 160 21 nombreuses
2160 5810 31 22 de
2211 5810 25 21 la
2258 5809 58 27 part
2335 5809 31 22 de

1812 5834 56 26 tous
1882 5835 37 23 les
1935 5839 103 24 usagers
2052 5835 31 24 de
2098 5836 65 23 cette
2178 5834 75 31 ligne.

2448 4498 32 16 Lja
2491 4492 111 23 Soudure
2615 4494 141 25 Electrique
2768 4492 126 28 Autogène

2577 4520 24 23 S.
2615 4522 30 21 A.
2660 4520 106 22 ARCOS

2477 4549 45 18 rue
2541 4547 44 21 des
2604 4547 71 21 Deux
2694 4548 86 25 ^aies,
2798 4546 71 26 58-62,

2609 4572 128 22 Bruxelles

2448 4615 16 16 a
2475 4609 22 22 le
2509 4610 106 27 profond
2627 4609 83 26 regret
2722 4611 30 20 da
2764 4610 64 21 faire
2839 4611 55 24 pai'.

2449 4634 30 22 Je
2494 4635 25 22 la
2534 4635 69 26 perte
2619 4636 90 21 cruelle
2724 4634 88 28 qu'elle
2827 4636 66 21 vient
2904 4632 4 35 ]

2449 4661 143 26 d'éprouver
2599 4666 32 17 en
2638 4662 26 21 la
2677 4667 123 21 personne
2814 4663 30 22 de
2851 4667 38 18 soi

2451 4687 329 28 AdtriinlflStrateur-délégué,

2563 4738 6 5 .
2586 4722 174 22 MONSIEUR

2452 4760 229 61 hhit-bri
2722 4762 171 59 MAUTSCH
2904 4754 5 73 !

2543 4836 134 28 Ingénieur
2690 4838 27 24 A.
2729 4838 20 21 I.
2760 4838 43 26 Lg.

2483 4860 212 27 Administrateur
2710 4864 31 20 de
2758 4863 109 23 Sociétés

2487 4888 372 27 Et-Capltalne-Commandant

2595 4916 31 21 de
2643 4915 110 23 Réserve

2546 4943 105 20 Officii-r
2664 4942 31 22 de
2708 4941 96 23 l'Ordre

2567 4968 31 22 de
2613 4968 26 22 la
2654 4968 130 22 Couronne

2451 4992 130 24 Chevalier
2594 4996 31 20 de
2638 4995 94 20 l'Ordre*
2747 4996 30 21 de
2791 4995 105 26 Léopobi
2905 4988 7 37 |

2560 5021 73 22 Croix
2647 5018 31 24 de
2692 5022 94 21 Guerre

2548 5052 62 16 avec
2624 5047 64 22 doux
2703 5047 96 27 palmes

2566 5073 73 22 Croix
2654 5073 32 21 de
2701 5074 81 22 l'Yser

2579 5099 74 22 Croix
2668 5101 35 21 du
2719 5101 51 20 Feu

2479 5124 74 22 Croix
2572 5126 31 21 de
2622 5126 94 22 Guerre
2735 5126 135 26 Française

2511 5151 116 22 Médaille
2643 5153 31 21 de
2690 5153 24 20 la
2731 5152 109 23 Victoire

2495 5178 116 22 Médaille
2629 5177 224 24 Comntémoratlve

2614 5203 120 24 1914-1018

2497 5230 114 21 Médaille
2630 5230 223 24 Commémoratlve

2573 5257 34 22 du
2627 5257 148 23 Centenaire

2452 5293 88 22 ;lécédé
2554 5293 170 27 lncplnément
2736 5294 17 23 à
2765 5295 96 26 Ixelles,
2876 5299 6 19 1

2451 5320 27 20 19
2493 5321 101 21 octobre
2610 5321 61 21 1939.
2831 5323 63 22 (783)
2906 5320 4 24 I

3067 3429 45 43 m
3131 3411 245 63 LéoDold-Âlbert

3001 3488 47 22 née
3065 3490 114 21 Suzanne
3196 3491 66 21 VAH
3279 3490 226 23 CAMFENHOUT

2972 3536 108 16 sarvenu
3104 3532 17 22 à
3144 3532 164 26 Auderghem,
3332 3534 24 20 le
3378 3533 28 20 19
3429 3533 100 21 octobre

2972 3555 60 27 1939,
3045 3563 16 21 à.
3072 3556 63 27 l'âge
3148 3558 29 21 de
3190 3557 26 22 36
3229 3562 53 21 ans,
3294 3556 73 28 après
3379 3563 48 17 une
3440 3559 89 27 longue

2976 3583 24 21 et
3018 3580 97 28 pénible
3134 3583 113 24 maladie.

3000 3609 47 23 Les
3069 3609 144 23 funérailles
3235 3611 44 21 ont
3299 3617 31 17 eu
3351 3610 49 24 Hou
3421 3611 63 23 dans
3506 3613 21 21 1&

2975 3636 54 25 plus
3049 3636 87 21 stricte
3156 3637 107 25 intimité
3283 3638 26 21 et
3327 3637 20 22 11
3364 3639 42 21 n'a
3425 3642 50 22 pas,
3490 3637 38 23 été

2975 3662 92 26 envoyé
3085 3664 30 20 de
3132 3663 144 26 faire-part..

3003 3690 35 20 Ils
3064 3691 203 20 recommandent
3293 3695 45 17 son
3362 3691 57 22 âme
3443 3695 18 22 à
3485 3697 44 17 vos

2976 3715 115 22 ardentes
3109 3715 101 25 prières.

3000 3741 165 27 Auderghem,
3183 3744 20 24 6,
3223 3748 95 18 avenue
3336 3744 93 26 Joseph
3448 3745 80 22 Borlé.

3464 3772 62 22 (735)

2998 3823 40 22 On
3054 3829 63 16 nous
3132 3824 54 27 prie
3204 3826 149 22 d'annoncer
3367 3825 24 23 le
3410 3825 70 23 décès
3497 3828 30 20 de

3164 3859 174 22 MONSIEUR

2997 3894 250 70 Alphonse
3277 3888 229 67 LElRENS

3001 3965 87 23 Epoux
3101 3966 32 20 de
3147 3967 81 20 Dame
3242 3968 98 21 Marthe
3354 3973 51 16 van
3418 3968 83 21 OOST

2991 3997 210 23 Administrateur
3217 4000 31 21 de
3263 4001 26 21 la
3305 4000 97 21 Société
3416 4000 96 26 Royale

3042 4024 182 26 d'Agriculture
3238 4027 26 21 et
3279 4027 30 21 ds
3323 4026 140 26 Botanique

3130 4051 95 21 Ancien
3241 4052 133 22 Président

2975 4076 29 20 de
3023 4077 25 21 la
3066 4076 125 27 Fabrique
3211 4076 109 27 d'Eglise
3338 4078 31 22 de
3388 4075 144 26 Merelbeke

3104 4103 132 23 Président
3253 4105 34 21 du
3303 4104 97 23 Comité

2988 4129 30 21 do
3038 4129 93 22 l'Ecole
3151 4129 167 23 Saint-Pierre
3340 4132 16 22 à
3375 4132 143 22 Merelbeke

2974 4161 32 15 ne
3018 4161 17 15 t.
3049 4156 78 25 Gand,
3144 4156 23 21 le
3180 4157 13 21 2
3206 4153 69 27 mars
3289 4158 62 26 1855,
3365 4161 27 20 et
3404 4164 18 20 y
3434 4160 95 25 pieus-i-

2974 4182 69 20 ment
3061 4181 91 23 décédé
3172 4183 22 20 le
3213 4184 27 22 19
3258 4184 100 21 octobre
3378 4185 61 24 1939,
3467 4186 62 20 nuni

2974 4208 43 21 des
3035 4207 105 22 Secours
3158 4209 30 21 de
3207 4210 25 21 la
3248 4209 122 26 Religion,
3387 4209 141 24 réoonforté

2980 4240 29 25 *te_
3022 4234 24 21 ici
3062 4233 163 23 Bénédiction
3240 4233 161 30 Apostolique
3418 4237 26 22 et
3459 4238 30 21 de
3499 4237 31 23 Ja

2976 4258 162 25 Bénédiction
3174 4260 110 27 spéciale
3319 4269 13 15 <
3355 4263 32 21 In
3423 4263 106 22 artlculo

2976 4286 88 21 rnortis
3083 4292 20 17 ».

3001 4312 35 21 Le
3058 4313 95 22 service
3174 4312 111 28 funèbre,
3304 4315 67 21 suivi
3392 4317 30 21 de
3442 4315 78 23 l'Inhu-

2976 4337 95 22 mation
3093 4340 64 22 dans
3180 4340 23 21 le
3226 4344 94 17 caveau
3343 4340 29 21 de
3396 4340 95 22 famille
3513 4341 17 22 à

2976 4364 146 25 Merelbeke,
3138 4370 64 18 aura
3219 4366 50 22 lieu
3286 4370 31 18 en
3334 4366 91 26 '.'église
3441 4368 88 21 Notre-

2976 4390 79 21 Dame
3079 4391 173 26 .Saint-Pierre,
3274 4393 17 22 à
3313 4390 79 28 Gand,
3414 4394 24 20 le
3460 4394 68 21 lundi

2975 4417 26 20 28
3018 4417 101 21 octobre
3135 4417 61 24 1939,
3213 4418 17 21 à
3247 4419 27 20 11
3291 4418 97 22 heures.

3001 4443 49 20 Les
3066 4447 93 18 messes
3176 4449 63 20 pour
3254 4445 93 21 Dames
3361 4445 88 21 seront
3464 4445 64 22 dites

2967 4470 40 20 "tn
3019 4470 25 20 la
3059 4469 79 22 même
3152 4469 76 26 église
3239 4470 18 22 à
3269 4471 80 25 partir
3360 4472 31 20 de
3404 4472 27 21 10
3444 4472 23 22 h.
3480 4473 48 21 1/2.

3002 4494 39 22 Un
3058 4497 93 20 second
3167 4497 95 21 service
3279 4500 59 19 sera
3355 4496 96 23 célébré
3468 4497 53 23 ulté-

2977 4521 151 21 rieurement
3156 4525 32 18 en
3210 4521 92 26 l'église
3330 4524 146 24 paroissiale
3498 4525 31 21 de

2978 4547 144 20 Merelbeke.

2976 4576 5 5 *
3002 4573 81 23 Gand,
3094 4573 35 24 14,
3141 4573 39 21 Bd
3192 4574 103 23 Chsrleg
3309 4576 31 20 de
3352 4576 139 22 Kerchove.

3003 4595 113 21 Château
3148 4596 31 22 de
3211 4598 139 26 Mljlewljk,
3380 4600 152 24 Merelbeke-

2979 4623 79 24 Gand.

2999 4650 34 22 NI
3048 4651 86 25 fleurs,
3149 4653 27 20 ni
3192 4657 144 18 couronnes.

3002 4676 47 23 Les
3070 4681 136 20 personnes
3228 4680 49 26 qui,
3300 4684 46 20 par
3367 4680 73 23 oubli,
3463 4682 67 22 n'au-

2976 4702 80 21 wiient
3071 4708 45 20 pas
3132 4707 60 22 reçu
3209 4705 30 22 de
3255 4705 73 22 lettre
3343 4706 31 22 de
3391 4707 137 27 foire-rart,

2975 4729 57 20 sont
3056 4728 81 26 priées
3163 4732 30 22 de
3216 4731 143 23 considérer
3381 4734 24 22 le
3428 4735 101 25 présent

2975 4755 54 21 avis
3046 4760 96 19 comme
3160 4761 31 17 en
3209 4756 88 24 tenant
3316 4758 56 23 Heu.
3450 4762 75 22 (2827*

2998 4823 127 23 Monsieur
3137 4825 25 22 et
3174 4826 115 22 Madame
3301 4824 99 26 Fredd*'
3411 4829 120 22 Richara-

2974 4848 120 28 Sauvagé,
3113 4852 66 21 leurs
3198 4852 101 23 enfants
3311 4854 104 22 -Nadine
3433 4856 26 21 et
3475 4857 47 21 Jac-

2976 4877 107 26 queline;

3002 4910 116 22 Madame
3140 4911 117 24 Fernand
3280 4913 124 27 Sauvage;

3001 4944 48 21 Les
3067 4944 108 22 familles
3194 4946 111 21 Richard
3323 4947 25 22 et
3367 4949 121 25 Sauvage,

2975 4970 44 21 ont
3037 4970 25 20 la
3081 4969 121 27 profor.de
3220 4972 104 23 dculeur
3343 4975 29 21 de
3391 4974 64 22 faire
3473 4977 58 23 part

2976 4997 34 21 du
3027 4996 72 22 décès
3116 4998 30 21 de
3163 4999 55 21 leur
3233 4999 61 22 cher
3309 5000 64 24 petit

3178 5038 148 40 XAVIER

2974 5089 84 23 enlevé
3069 5090 18 21 à
3097 5092 54 21 leur
3163 5091 120 22 affection
3295 5092 17 22 à
3323 5092 62 26 l'âge
3397 5093 31 22 de
3439 5094 32 21 10
3478 5099 53 20 ans,

2976 5117 145 21 administré
3145 5118 44 22 des
3211 5119 159 21 Sacrements
3391 5120 32 22 de
3444 5120 31 22 N.
3498 5121 32 21 M.

2976 5143 22 19 la
3017 5142 87 22 Sainte
3120 5143 92 26 Eglise.

3003 5168 33 21 Le
3056 5170 97 20 service
3174 5169 112 26 funèbre,
3307 5172 65 22 suivi
3393 5173 31 20 de
3445 5172 77 22 l'inhu-

2974 5194 94 23 mation
3082 5195 63 22 dans
3159 5196 21 21 le
3195 5200 93 19 caveau
3302 5198 30 20 de
3345 5199 26 21 la
3383 5198 103 25 famille,
3498 5204 32 16 au

2976 5220 125 24 cimetière
3125 5222 29 22 de
3177 5223 104 25 Namur,
3303 5228 56 17 sera
3381 5221 97 25 "élébrô
3500 5230 30 16 en

2975 5246 91 27 l'église
3084 5247 175 26 Ste-Jullenne,
3276 5249 17 23 à
3311 5249 134 26 Salzlnnes,
3461 5251 68 22 lundi

2976 5273 27 22 23
3018 5275 112 23 courant,
3145 5279 17 22 à
3176 5275 28 21 10
3219 5275 23 23 h.
3257 5276 35 21 30.

3003 5300 116 21 Réunion
3141 5303 17 22 à
3179 5301 24 20 la
3227 5302 136 21 mortuaire
3385 5307 45 17 rue
3452 5299 83 26 Henrf

2976 5326 131 24 Lemaltre,
3124 5327 35 23 91,
3177 5326 17 22 à
3211 5327 29 21 10
3257 5328 97 21 heures.

3002 5353 34 21 Le
3056 5352 102 27 présent
3178 5354 55 21 avis
3252 5354 65 21 tient
3337 5354 50 23 lieu
3406 5355 31 22 (le
3456 5355 74 21 faire-

2974 5379 65 25 part
3306 5391 19 17 ,.
3464 5382 63 24 (7Î2)

2461 5443 39 22 On
2518 5449 66 18 nous
2604 5445 53 26 prie
2677 5445 149 25 d'annoncer
2846 5448 23 22 le
2889 5447 72 23 décès
2977 5449 31 21 de

2408 5480 401 67 MonsieurGaston
2824 5484 57 63 de
2894 5482 235 67 MEESTER
3140 5484 57 65 de
3212 5484 307 67 HEYNDONCK

2581 5567 62 21 veuf
2660 5567 31 21 de
2708 5566 117 24 Madame
2843 5569 105 22 Isabelle
2962 5569 31 21 de
3009 5570 26 21 la
3051 5570 101 21 CHOIX
3170 5571 175 21 «l'OdiMONT

2403 5604 109 17 survenu
2530 5599 17 22 à
2563 5600 80 25 Attre,
2661 5601 23 21 le
2701 5601 29 22 19
2746 5602 100 22 octobre
2865 5602 62 26 1939,
2946 5604 64 22 dans
3022 5609 31 17 ea
3069 5604 37 21 63*
3123 5603 84 24 année,
3226 5606 70 21 muni
3312 5605 43 21 des
3371 5609 102 18 secouns
3488 5605 29 21 de

2406 5626 26 21 la
2450 5626 122 25 Religion.

2457 5651 35 22 Le
2508 5651 95 23 service
2620 5653 112 24 funèbre,
2749 5659 73 21 corps
2839 5653 105 29 présent,
2959 5656 65 22 suivi
3038 5656 29 21 de
3081 5656 174 23 l'inhumation
3268 5659 63 21 dans
3344 5659 23 21 le
3380 5663 94 16 caveau
3487 5658 30 20 de

2402 5679 25 20 la
2442 5678 101 25 famille»
2558 5684 32 17 au
2605 5678 126 23 cimetière
2746 5681 30 21 de
2791 5681 249 24 Cambron-Casteau,
3061 5687 58 17 sera
3141 5682 96 24 côlôbré
3259 5689 32 18 en
3312 5682 92 27 l'église
3426 5684 83 24 parois-

2403 5704 61 21 siale
2481 5704 102 26 d'Attre,
2602 5704 22 22 le
2640 5706 82 22 mardi
2738 5707 28 21 24
2782 5707 100 22 octobre
2898 5707 61 25 1939,
2974 5707 17 22 à
3019 5708 28 21 11
3076 5708 97 22 heures.
3201 5709 116 23 Réirnion
3345 5715 33 17 au
3406 5708 111 24 Château

2405 5729 104 26 d'Attre,
2524 5736 17 21 à.
2555 5731 29 21 10
2599 5737 24 18 n.
2639 5731 33 23 30.

2455 5757 48 21 Lea
2519 5762 136 21 personnes
2671 5759 50 25 qui,
2735 5764 48 21 par
2798 5759 74 26 oubli,
2888 5759 141 22 n'auraient
3041 5767 46 20 pae
3100 5766 59 21 reçu
3173 5763 30 20 de
3216 5762 138 26 faire-part,
3367 5762 58 23 sont
3436 5762 82 29 priées

2404 5784 29 21 de
2446 5783 56 22 bien
2516 5783 96 22 vouloir
2624 5784 143 23 considérer
2779 5786 23 21 le
2815 5785 101 26 présent
2929 5787 53 21 avis
2999 5792 95 16 comme
3110 5791 32 18 en
3158 5787 88 22 tenant
3263 5789 55 22 Heu,
3438 5788 77 24 (6117)

3577 1037 127 18 MONNAIE.
3723 1046 26 5 —
3775 1038 28 17 Ce
3829 1038 110 21 dimanche,
3960 1041 24 14 en
4010 1038 92 20 matinée,

3554 1064 10 11 c
3582 1060 74 16 Manon
3674 1064 18 17 »,
3710 1064 48 13 avec
3775 1060 52 17 Mme
3846 1061 88 16 Danielle
3952 1060 69 19 Bréjii
4039 1061 20 16 et
4075 1060 27 17 M.

3553 1082 95 19 d'Arlcor;
3666 1085 23 13 en
3704 1082 69 18 soirée,
3790 1086 11 11 «
3819 1081 62 17 Faust
3897 1085 11 13 >
3933 1085 48 13 avec
3997 1081 53 18 Mme
4065 1082 29 16 Oli-

3553 1103 41 17 vier
3613 1103 103 20 Sportlello
3734 1104 20 16 et
3772 1103 27 17 M.
3819 1103 53 17 René
3890 1103 84 17 Maison.
3992 1111 25 5 —
4035 1103 69 23 Lundi,

3554 1125 82 17 rciazhe.
3656 1133 26 4 —
3699 1125 72 22 Mardi.
3790 1130 11 11 «
3820 1124 29 17 La
3870 1125 83 17 Bohème
3973 1129 11 12 »
4004 1126 20 16 et
4045 1129 11 11 «
4075 1125 29 17 La

3554 1147 95 19 Boutique
3663 1147 114 19 Fantasque
3790 1152 18 12 >.
3823 1155 25 4 —
3860 1146 102 20 Mercredi,
3978 1151 11 11 «
4001 1147 31 16 La
4044 1147 60 17 Reine

3554 1168 118 18 Flammette
3690 1173 18 12 >.
3728 1176 23 4 —
3769 1168 64 22 Joudl,
3853 1169 84 16 relâche.
3957 1176 26 5 —
4001 1168 103 23 Vendredi,

3553 1191 73 18 reprise
3641 1190 25 18 de
3680 1194 11 12 «
3705 1189 31 18 La
3747 1191 91 16 --Bo-soche
3853 1195 19 12 >,
3889 1198 24 5 —
3928 1190 86 22 Samedi,
4030 1194 11 10 «
4056 1191 39 17 Car-

3552 1215 45 13 men
3611 1216 18 13 ».

3577 1233 75 18 PARC.
3671 1241 26 6 —
3714 1232 138 23 Aujourd'hui,
3873 1233 109 22 dimanche,
4002 1237 23 13 en
4046 1235 49 16 mati-

3553 1255 35 17 née
3604 1256 19 16 et
3637 1259 24 13 en
3676 1255 68 22 soirée,
3759 1256 20 16 et
3794 1255 92 17 vendredi
3901 1255 29 22 27,
3944 1256 76 16 samedi
4035 1256 30 19 28,
4081 1259 23 14 en

3554 1277 68 18 soirée,
3638 1277 21 16 la
3674 1276 53 20 pièce
3742 1277 74 18 célèbre
3831 1278 24 16 de
3869 1277 55 17 Jules
3939 1277 96 17 Romains
4051 1281 10 12 «
4077 1277 27 23 M,

3554 1299 17 16 la
3593 1298 114 17 Tmuhndcc
3728 1299 48 16 saisi
3798 1302 38 16 par
3856 1299 21 16 la
3897 1299 100 17 débauche
4018 1304 18 17 »,
4056 1302 48 15 avec

3554 1320 45 17 Ml!c
3616 1321 72 16 Berthe
3706 1321 75 19 Angely
3798 1322 20 16 ct
3834 1320 27 17 M.
3880 1321 86 19 Georges
3984 1321 65 19 Mony.

3575 1342 58 17 Jeudi
3652 1342 24 17 26
3695 1343 20 16 et
3733 1342 103 17 dimanche
3855 1342 23 17 29
3900 1342 85 20 (chaque
4005 1343 38 16 fols
4062 1346 33 14 mâ-

3554 1363 51 18 tiné?
3620 1365 19 16 et
3653 1364 82 21 soirée),
3750 1364 61 17 Galss
3827 1364 99 19 Karsenty
3941 1369 10 10 €
3968 1364 76 17 Phèdre
4059 1368 11 12 *
4085 1366 19 16 et

3555 1390 9 10 <
3584 1385 27 17 Le
3628 1385 89 17 Médecin
3735 1385 75 20 malgré
3829 1386 27 16 lul
3875 1390 18 17 >,
3912 1385 38 18 mis
3968 1389 23 14 er
4010 1387 57 16 scène
4085 1388 19 16 et

3553 1407 90 19 présenté
3659 1410 38 17 par
3713 1407 76 17 Gaston
3806 1407 58 19 Baty,
3883 1411 49 13 avec
3949 1411 25 14 sa
3992 1408 113 18 valeureuse

3553 1430 114 19 compagnie
3688 1430 26 16 du
3735 1429 86 18 Théâtre
3841 1429 158 22 Montparnasse,
4020 1434 24 12 en
4065 1430 40 17 tète

3553 1451 24 16 de
3591 1451 83 19 laquelle
3688 1450 124 18 l'admirable
3825 1450 121 20 Marguerite
3959 1451 83 18 Jamols.

3577 1472 94 18 PALAIS
3692 1472 50 18 DES
3763 1472 171 19 BEAUX-ARTS.
3956 1480 26 6 —
4002 1473 58 18 Jeudi
4082 1474 24 17 28

3553 1494 86 22 octobre,
3660 1494 96 17 matinées
3776 1494 108 20 classiques
3902 1496 21 16 et
3941 1494 114 20 littéraires,
4074 1496 30 16 aé-

3555 1515 26 18 rle
3599 1516 23 21 B,
3639 1516 14 16 à.
3669 1516 24 17 11
3709 1516 20 17 h.
3747 1516 24 17 30
3789 1517 40 16 très
3848 1517 92 22 précises,
3957 1521 12 12 c
3986 1517 28 17 Le
4030 1517 65 17 Misan-

3553 1537 69 20 thrope
3641 1542 18 13 »,

3576 1560 79 16 Samedi
3668 1559 24 17 28
3705 1559 86 19 octobre,
3805 1564 11 11 «
3828 1559 38 18 Les
3878 1560 99 17 Bouffons
3989 1565 19 17 »,
4020 1560 50 18 série
4081 1561 22 18 C.

3576 1580 30 18 La
3623 1580 84 18 location
3723 1582 30 16 eet
3768 1582 81 16 ouvert*
3863 1585 40 14 aux
3919 1582 131 17 Beaox-Art*.
4068 1582 27 18 Ré-

3553 1602 89 18 ductions
3665 1603 41 16 très
3728 1603 130 20 importantes
3880 1606 40 15 aux
3941 1604 124 20 professeurs
4086 1605 19 17 et

3552 1623 69 18 élèves.

3577 1646 135 18 GALERIES.
3726 1654 25 5 —
3763 1646 28 18 Le
3805 1646 65 20 public
3883 1651 13 13 a
3911 1647 77 17 réservé
4002 1647 13 17 i.
4028 1648 21 17 la
4063 1651 33 16 pre-

3553 1668 60 17 mière
3632 1668 25 17 de
3678 1671 11 12 <
3708 1668 100 17 L'Amant
3829 1670 24 16 de
3873 1670 61 15 Paille
3954 1674 11 11 »
3985 1673 27 13 un
4032 1669 73 18 accueil

3553 1689 112 20 triomphal.
3684 1689 53 17 Tous
3753 1691 36 16 ont
3806 1690 31 17 été
3854 1690 103 17 unanimes
3974 1691 14 16 à
4005 1692 91 16 reconnaî-

3553 1712 30 17 tre
3596 1714 37 16 que
3647 1711 50 17 c'est
3710 1714 38 14 une
3763 1712 34 16 des
3811 1712 64 19 pièces
3889 1712 28 17 les
3931 1713 44 19 plus
3989 1713 65 17 drôles
4068 1717 37 16 que

3554 1732 39 17 l'on
3608 1733 29 17 ait
3652 1736 49 13 vues
3716 1736 32 15 ces
3764 1733 98 17 dernières
3878 1734 79 18 années.
3973 1734 43 17 Elle
4032 1736 30 16 est
4077 1735 19 17 In-

3553 1754 96 19 terprétée
3663 1758 38 16 par
3714 1758 38 14 uno
3765 1756 70 19 troupe
3848 1756 60 17 d'une
3921 1756 137 20 homogénéité
4073 1760 23 14 ex-

3554 1776 126 19 ceptionnelle
3697 1780 49 14 aveo
3761 1777 50 17 Jean
3828 1778 86 22 Servais,
3931 1778 85 19 Georges
4033 1778 66 17 Jamin

3554 1797 47 17 Max
3618 1797 64 20 Pôral,
3703 1798 86 17 Christel
3807 1798 27 18 Or
3851 1800 20 16 et
3888 1799 73 17 Lucien
3980 1800 123 17 Ambrevllle.

3577 1819 109 18 Dimanche
3702 1819 24 18 22
3744 1821 20 16 et
3782 1820 103 18 dimanche
3903 1820 23 18 29
3944 1821 86 23 octobre,
4047 1822 48 17 mati-

3553 1841 52 17 nées.

3576 1863 57 17 Jeudi
3651 1863 23 17 26
3690 1863 79 18 octobre
3792 1864 95 20 première
3903 1864 86 18 matinée
4005 1865 101 18 enfantin»

3553 1887 51 14 ave»
3616 1888 11 12 «
3643 1885 87 17 Blanche
3744 1885 61 20 Neige
3820 1887 20 16 et
3854 1887 28 16 les
3897 1886 12 17 7
3923 1886 63 18 Nains
4000 1890 18 14 ».
4034 1887 29 17 La
4078 1887 19 17 lo-

3553 1906 66 17 cation
3638 1907 31 16 est
3687 1909 82 15 ouverte
3789 1911 50 16 pour
3858 1908 28 17 les
3905 1908 142 18 abonnements
4066 1912 40 14 aux

3553 1927 96 18 matinées
3663 1928 108 20 classiques
3787 1931 18 15 et
3821 1929 106 18 littéraires
3942 1930 51 17 ainsi
4007 1933 37 17 que
4058 1934 48 16 pour

3554 1949 27 17 lé;)
3599 1950 78 17 carnets
3695 1949 24 18 de
3736 1950 24 17 25
3777 1954 92 17 coupons.

3576 1971 153 18 ALHAMBRA.
3748 1980 26 6 —
3791 1972 27 19 Ce
3837 1973 110 22 dimanche,
3968 1977 69 14 encore
4056 1974 49 17 deux

3555 1994 165 18 représentations
3741 1995 27 16 du
3789 1998 12 12 «
3823 1994 54 17 Tour
3898 1996 26 16 du
3944 1994 72 18 Monde
4038 2000 24 13 en
4082 1997 24 16 80

3553 2014 59 17 Jours
3629 2019 11 12 »
3658 2016 34 19 qui
3710 2016 98 17 constitue
3825 2017 21 16 la
3863 2017 54 19 pièce
3934 2017 24 17 de
3977 2018 76 17 famille
4069 2022 37 16 par

3553 2036 108 18 excellence
3677 2038 21 16 et
3715 2039 34 18 qui
3767 2038 80 17 distrait
3863 2039 21 17 et
3900 2038 118 20 émerveille,
4029 2039 27 17 les
4073 2042 23 17 pe-

3554 2057 35 18 tits
3611 2061 76 15 comme
3710 2058 29 18 les
3763 2059 80 20 grands.
3867 2059 30 18 La
3919 2061 134 19 présentation
4076 2063 28 15 est

3553 2081 180 18 scrupuleusement
3751 2081 82 17 réalisée
3863 2082 80 20 d'après
3974 2082 80 19 l'œuvre
4082 2083 23 18 de

3554 2101 53 18 Jules
3623 2101 64 18 Verne
3702 2103 21 16 et
3737 2103 35 16 n'a
3788 2104 40 16 rien
3845 2104 24 16 de
3884 2105 126 19 comparable
4025 2108 48 14 avec
4088 2105 17 17 le

3554 2127 11 12 c
3587 2123 47 20 dSJà
3653 2127 27 14 vu
3700 2128 18 14 ».
3740 2125 44 17 Elle
3804 2126 98 17 constitue
3923 2127 142 16 ceitainement
4086 2127 20 17 la

3554 2144 43 20 plus
3614 2146 102 19 puissante
3732 2146 116 20 production
3866 2147 98 17 théâtrale
3980 2148 25 17 de
4022 2148 77 18 l'année

3553 2166 52 17 Pour
3617 2171 38 16 que
3666 2167 45 17 tous
3724 2168 89 19 puissent
3824 2169 57 16 venir
3891 2170 44 16 s'en
3948 2167 69 19 rendre
4030 2165 75 24 compté

3553 2189 20 16 et
3591 2189 88 17 admirer
3696 2193 22 13 ce
3737 2190 105 19 spectacle,
3861 2190 22 17 la
3899 2191 95 17 direction
4011 2194 15 14 &
4042 2191 63 18 réduit

3553 2211 17 16 le
3587 2211 44 19 prix
3646 2211 24 17 de
3684 2211 66 18 toutes
3765 2212 29 17 les
3808 2212 72 19 places.

3577 2232 18 17 Il
3609 2236 25 15 ne
3648 2233 52 17 reste
3715 2233 44 20 plus
3774 2237 75 14 aucune
3864 2235 56 19 place
3934 2235 109 19 disponible
4058 2238 48 18 pour

3553 2254 20 17 la
3589 2255 85 16 matinée
3690 2256 26 15 du
3731 2256 103 16 dimanche
3850 2256 24 17 22
3889 2257 90 22 courant,

3576 2276 87 18 GA1TE.
3679 2284 25 5 —
3719 2277 85 17 Retenez
3819 2281 36 13 vos
3870 2278 67 19 places
3953 2281 37 17 par
4005 2278 100 21 téléphone

3554 2301 26 13 au
3595 2300 23 14 n»
3634 2298 88 17 17.16.90
3738 2299 19 17 si
3773 2302 50 14 vous
3840 2299 75 18 désirez
3932 2300 42 17 être
3989 2301 45 17 bien
4051 2301 54 20 placé

3553 2322 50 17 pour
3617 2321 83 16 assister
3714 2320 14 17 à
3744 2320 52 18 l'une
3811 2321 35 17 des
3862 2322 166 19 représentations
4045 2322 25 18 ds
4084 2327 21 13 ce

3554 2341 108 23 dimanche,
3684 2343 39 15 soit
3742 2345 24 14 en
3786 2343 93 21 matinée,
3899 2343 14 17 k
3933 2344 23 16 15
3976 2344 28 22 h.,
4023 2345 39 16 soit
4081 2348 24 14 en

3553 2363 69 20 soirée,
3639 2363 13 17 à
3669 2363 24 17 20
3707 2364 21 17 h.
3743 2364 31 22 30,
3789 2368 49 16 pour
3852 2365 106 20 applaudir
3973 2366 73 17 Eether
4059 2367 46 16 Dei-

3553 2385 61 19 tenre,
3638 2385 80 18 Rtttche
3741 2386 20 17 et
3783 2386 92 18 Festerat
3903 2388 35 16 Jef
3959 2387 66 18 Miller
4053 2387 52 21 Tony

3553 2406 66 20 Bl-arly,
3635 2406 70 20 Fanny
3720 2407 23 17 de
3757 2407 56 22 Real,
3829 2408 58 20 Gaby
3900 2403 130 29 Letty,.Paui
4044 2410 52 19 Fran-

3553 2431 28 19 ce,
3603 2428 28 17 les
3650 2428 24 17 12
3693 2428 122 21 Galty-Glrls
3834 2431 21 16 et
3873 2430 75 18 Marcel
3968 2431 86 18 Antoine
4072 2432 32 20 qui

3554 2449 90 20 présente
3659 2454 36 14 son
3710 2451 101 20 populaire
3827 2452 69 17 Blache
3912 2452 50 18 dans
3977 2453 22 17 la
4013 2457 12 12 «
4040 2453 65 18 Revue

3553 2471 24 18 de
3592 2472 21 17 la
3628 2473 58 16 Galté
3701 2477 18 12 ».
3736 2472 124 19 L'orchestre
3876 2475 30 16 est
3921 2475 63 19 dirigé
4000 2478 37 20 par
4052 2475 53 20 Tony

3553 2493 58 18 Vaes.
3632 2494 27 17 Ce
3678 2495 98 19 spectacle
3795 2495 48 20 peut
3861 2496 43 17 être
3923 2499 27 14 vu
3968 2500 38 16 par
4025 2496 43 18 tout
4088 2498 17 17 le

3554 2516 76 16 monde.

3578 2537 176 19 VAUDEVILLE.
3777 2547 27 5 —
3825 2537 29 19 Le
3876 2539 90 18 meilleur
3989 2543 71 17 moyen
4083 2540 24 18 de

3554 2559 81 17 chasser
3650 2559 18 17 le
3684 2560 71 17 cafard
3774 2561 20 16 et
3810 2557 28 21 de"
3850 2561 51 17 fafre
3918 2565 37 13 une
3972 2564 46 15 cure
4034 2562 62 20 d'opti-

3554 2581 69 17 misme
3641 2582 20 16 et
3679 2582 24 16 de
3722 2582 63 17 bonne
3802 2582 90 23 hunnur,
3910 2584 50 16 c'est
3977 2584 71 17 d'aller
4064 2585 41 16 voir

3554 2606 10 12 %
3581 2602 30 17 La
3627 2603 67 17 Revue
3711 2604 26 16 du
3754 2604 115 18 Vaudeville
3887 2605 23 17 38
3927 2609 11 11 »
3956 2606 51 16 dans
4025 2606 80 20 'aquelle

3553 2627 36 14 nos
3612 2625 74 19 grands
3709 2625 99 20 comiques
3832 2625 110 18 nationaux
3964 2626 88 18 Gustave
4074 2626 22 19 Ll-

3553 2646 51 17 beau
3618 2647 21 17 et
3653 2646 75 18 Marcel
3743 2647 59 17 Roels
3817 2650 21 15 se
3855 2647 107 21 dépensent
3977 2652 48 14 sans
4040 2653 56 17 comp-

3553 2668 37 16 ter.

3577 2688 27 18 Ce
3619 2689 110 20 dimanche,
3747 2691 86 17 matinée
3858 2691 13 17 â
3887 2692 23 16 15
3925 2693 19 16 h.
3969 2694 20 15 et
4005 2693 69 19 soirée,
4091 2692 14 18 à

3553 2711 24 17 23
3595 2711 20 18 h.
3636 2712 25 17 30

3577 2734 122 16 THEATRE
3716 2734 135 18 FLAMAND.
3867 2743 27 5 —
3909 2734 109 19 Dimanche
4033 2735 24 18 22
4073 2739 23 15 oc-

3553 2755 62 21 tobre,
3637 2755 51 17 deux
3707 2756 166 19 représentations
3893 2756 24 18 de
3937 2758 21 16 la
3978 2757 50 18 belle
4048 2761 56 15 revue

3553 2780 11 11 «
3578 2777 62 17 Ruzie
3656 2778 20 16 in
3692 2777 16 17 't
3724 2778 75 19 Strotje
3814 2783 11 11 »
3841 2778 48 17 dont
3903 2778 21 17 la
3940 2779 101 21 fantaisie,
4057 2780 37 17 l'en-

3553 2798 60 22 train,
3632 2799 29 16 les
3676 2799 47 19 jolis
3740 2800 78 20 ballets,
3836 2800 21 17 la
3874 2801 90 19 musique
3981 2802 123 16 entraînante

3553 2820 19 16 ct
3591 2820 21 17 la
3628 2820 81 20 joyeuse
3725 2821 151 20 interprétation
3893 2823 94 16 assurent
4003 2824 19 16 le
4037 2824 67 17 succès

3553 2842 45 17 bien
3614 2841 77 18 mérité.

3576 2863 93 19 Mat'nêe,
3683 2864 14 17 à
3710 2864 23 17 15
3745 2865 20 16 h.
3780 2865 30 21 30,
3823 2866 21 17 et
3857 2865 63 18 soirée
3938 2864 14 18 â
3964 2866 24 17 20
4000 2866 20 17 h.

3577 2885 63 17 Lundi
3655 2885 29 19 23.
3702 2886 95 17 mercredi
3812 2887 24 17 25
3850 2886 21 19 et
3884 2887 54 20 jeudi
3953 2887 24 18 26
3990 2888 86 20 octtbre,
4091 2888 13 17 à

3553 2906 23 17 20
3590 2908 28 20 h.,
3633 2907 65 17 même
3712 2908 104 19 spectacle.

3576 2929 80 17 Samedi
3670 2929 30 22 28,
3713 2933 50 16 pour
3777 2930 28 17 les
3818 2930 71 18 débuts
3902 2931 25 18 de
3939 2932 38 16 Jan
3991 2932 112 23 Cammans,

3553 2953 12 13 «
3582 2951 138 19 Schoppenaas
3737 2956 19 17 »,
3772 2955 39 14 une
3830 2951 41 19 très
3888 2951 107 21 spirituelle
4012 2954 90 17 comédie.

3578 2972 99 18 FOLIES-
3679 2973 130 18 BERGERE.
3832 2982 26 5 —
3877 2974 19 18 A
3918 2974 25 17 15
3963 2975 21 17 h.
4007 2975 24 17 15
4052 2976 20 17 ét
4092 2974 13 18 à

3553 2994 23 17 20
3591 2994 28 20 h.,
3637 2998 11 12 c
3663 2994 80 18 Brussel
3758 2995 76 17 Neuter
3847 2999 18 18 »,
3880 2996 21 17 la
3917 2999 59 16 revue
3989 2996 115 18 bruxelloise

3551 3016 34 19 qui
3597 3016 40 17 fait
3651 3016 107 17 sénsatfon.
3771 3017 24 17 40
3807 3018 101 22 tableaux,
3920 3018 72 17 ballets
4004 3019 20 17 et
4036 3021 55 14 actua-

3553 3037 44 17 lités
3613 3038 21 17 et
3648 3038 55 17 Alice
3719 3039 64 17 Meva.
3801 3039 49 17 Prix
3865 3039 36 18 des
3915 3039 67 20 places
3996 3042 51 18 pour
4062 3042 41 15 lou-
4113 3048 4 4 •

3552 3059 31 17 tes
3602 3059 29 17 les
3650 3060 88 23 bourses.
3757 3061 95 17 Location
3871 3061 81 18 ouverte
3971 3065 50 17 pour
4039 3062 65 17 toutes

3552 3079 34 22 '.es,
3596 3077 174 23 représentations.

3576 3103 136 18 ANCIENNE
3728 3102 138 21 BELGIQUE.
3880 3112 26 6 —
3921 3104 98 20 Jusqu'au
4034 3103 24 19 28
4073 3109 23 14 oc-

3552 3125 56 17 tobre
3627 3127 6 15 :
3649 3125 81 17 Manola
3746 3125 21 18 et
3783 3124 110 22 Fernando,
3911 3126 96 18 danseurs
4023 3127 72 17 acroba-

3553 3146 70 20 tiques.
3639 3147 67 19 Sylvia
3720 3146 63 21 Mars,
3797 3147 104 21 d.anseuse,
3915 3148 57 17 Tvan
3987 3149 68 20 Tadel,
4069 3149 35 16 hn-

3553 3169 87 21 tporist».
3660 3169 54 20 King
3732 3169 63 20 Tuffl.
3816 3170 128 17 fiMeferriste
3964 3170 21 17 et
4004 3170 18 17 le
4043 3170 59 20 grand

3554 3191 100 16 orchestre
3678 3190 25 18 de
3727 3189 114 19 l'Ancienne
3866 3189 93 22 Belgique
3983 3191 62 21 dirigé
4069 3193 36 19 r>ar

3553 3210 46 19 José
3615 3210 120 21 Rosenberg.

3576 3232 57 19 MON
3646 3233 121 19 VILLAGE.
3781 3242 26 6 —
3820 3235 27 17 Ce
3860 3234 110 19 dimanche,
3985 3234 14 18 à
4011 3235 24 17 15
4047 3236 19 16 h.
4081 3235 23 17 30

3554 3256 19 16 et
3590 3258 24 14 en
3630 3255 69 20 soirée,
3716 3255 15 17 &
3746 3256 24 17 20
3785 3257 20 16 h.
3822 3255 31 20 30,
3871 3257 51 17 deux
3939 3257 164 19 représentations

3555 3276 22 18 ie
3594 3277 21 17 la
3632 3280 60 14 revue
3708 3282 12 11 «
3737 3277 54 17 Tous
3808 3277 14 17 &
3839 3278 64 17 l'Abri
3920 3281 19 20 »,
3957 3282 38 17 que
4013 3281 45 15 tous
4076 3279 26 17 les

3553 3299 110 17 Bruxellois
3681 3299 80 17 veulent
3779 3300 44 17 voir
3843 3300 21 17 et
3881 3301 80 16 surtout
3980 3301 70 16 revoir.

3577 3319 33 18 LE
3630 3320 140 18 PERUCHET
3793 3321 152 19 (Marionnettes
3966 3321 69 20 d*Art/
4063 3321 39 20 104.

3553 3342 95 18 chaussée
3666 3343 24 16 de
3707 3341 108 19 Charleroi.
3834 3351 26 5 —
3878 3344 132 19 Aujourd'hui
4029 3342 64 19 diman-

3553 3363 41 22 che,
3608 3364 13 16 à
3635 3363 24 18 13
3671 3364 29 22 h.,
3713 3364 87 18 matinée
3813 3365 108 17 enfantine,
3937 3367 32 15 au
3981 3368 122 17 programme

3554 3390 10 10 ■i
3581 3385 29 17 Le
3626 3386 54 17 Petit
3696 3386 52 17 Chat
3766 3387 62 16 Blanc
3845 3387 24 17 de
3888 3387 21 17 la
3926 3387 54 17 Mère
3997 3387 71 18 Michel
4085 3391 17 18 »,

3554 3408 58 16 conte
3634 3408 96 17 fabuleux
3751 3408 80 19 d'après
3852 3409 22 16 la
3896 3408 94 18 chenson.
4014 3406 88 20 Suivront

3553 3429 41 17 très
3611 3429 109 17 nombreux
3737 3430 28 17 les
3783 3430 73 17 clowns
3874 3430 20 17 et
3911 3429 82 22 Jlmmy.
4011 3430 91 17 Location

3554 3450 23 18 U
3593 3450 24 18 10
3632 3453 14 15 a
3660 3451 24 17 14
3700 3451 22 17 h.
3739 3451 43 23 (tél.
3798 3451 97 20 37.26.63)
3912 3450 71 20 .Visite
3997 3451 27 18 du
4038 3451 64 18 Musée

3555 3472 22 18 im
3592 3472 21 17 la
3627 3472 139 18 Marionnette.

3555 3529 183 41 TABLEAU
3760 3530 74 40 DES
3855 3531 247 40 SPECTACLES

3678 3583 138 17 DIMANCHE
3830 3583 24 18 8«
3866 3582 118 20 OCTOBRE

3760 3604 137 18 THEATRES

3554 3626 33 18 Mo
3599 3626 53 18 nale.
3675 3635 24 5 —
3720 3627 22 17 14
3763 3628 20 16 h.
3808 3630 8 15 :
3838 3630 13 14 *
3871 3628 74 17 Manon
3964 3631 23 17 >;
4006 3628 26 17 20
4049 3628 22 17 h.
4093 3630 8 15 :

3577 3652 12 12 «
3604 3648 65 18 Faust
3684 3652 19 14 ».

3553 3669 58 19 Parc.
3625 3678 25 5 —
3663 3671 23 16 14
3700 3671 21 16 h.
3735 3669 24 18 46
3765 3669 28 19 'et
3806 3670 24 18 20
3842 3671 21 17 h.
3879 3669 24 19 45
3919 3674 7 14 :
3942 3676 11 11 «
3967 3670 27 18 M.
4009 3671 19 19 le
4042 3671 59 17 Trou-

3576 3690 63 19 hadec
3658 3692 49 17 saisi
3726 3695 38 17 par
3781 3692 22 17 la
3821 3691 100 19 débauche
3939 3696 19 14 ».

3554 3713 95 18 Galeries.
3665 3721 26 6 —
3705 3714 24 17 15
3743 3714 20 17 h.
3780 3713 20 18 et
3815 3714 25 18 20
3855 3716 18 15 h.
3891 3714 33 18 30:
3941 3717 11 13 <
3966 3713 99 19 L'Amant
4081 3714 20 16 dt

3577 3735 63 17 Paille
3652 3739 20 13 ».

3555 3756 114 19 Alhombra.
3683 3764 26 6 —
3720 3757 25 17 14
3758 3757 20 17 b,
3794 3757 25 17 30
3832 3758 20 17 et
3865 3757 25 18 20
3904 3758 20 17 h.
3940 3758 33 18 15;
3988 3762 11 12 «
4013 3757 27 18 Le
4053 3757 48 18 Tour

3577 3779 26 16 du
3617 3778 72 18 Monde
3703 3783 22 14 en
3741 3779 24 17 80
3778 3779 60 17 Jours
3851 3783 18 13 ».

3553 3799 66 18 Galté.
3636 3808 24 5 —
3676 3801 23 17 15
3715 3801 20 17 fa.
3752 3801 20 17 et
3787 3800 25 18 20
3828 3801 14 17 h
3863 3800 24 18 30
3905 3797 13 20 :"
3927 3804 12 13 <
3955 3801 31 17 La
4001 3801 64 17 Revue
4079 3800 23 18 de

3578 3821 20 17 la
3614 3822 57 16 Gaïté
3687 3825 18 15 ».

3555 3843 120 18 Vaudeville.
3691 3852 23 5 —
3730 3844 24 17 15
3768 3844 20 17 h.
3804 3844 20 17 et
3838 3843 24 18 20
3877 3845 20 17 Bu
3914 3844 25 18 30
3955 3847 7 15 :
3978 3848 11 13 «
3997 3845 66 17 Revu*
4077 3844 24 17 do

3578 3865 12 16 \
3596 3866 96 17 audeville
3711 3866 12 16 3
3723 3866 5 11 e
3727 3866 7 14 )
3743 3870 19 12 ».

3553 3886 85 18 ThSAtre
3651 3886 105 19 Flamand.
3770 3894 24 6 —
3806 3887 24 18 15
3842 3888 20 17 h.
3876 3888 25 17 30
3914 3889 18 16 ct
3948 3887 24 19 20
3984 3888 15 18 L
4020 3891 7 15 î
4040 3892 12 13 <
4063 3888 29 17 Ru-

3577 3907 29 18 zie
3622 3909 20 16 in
3659 3908 17 17 't
3690 3908 75 20 Strotje
3782 3912 19 14 ».

3554 3929 165 20 Folles-Bergère.
3734 3938 27 5 —
3775 3930 24 18 16
3812 3931 21 17 h.
3850 3930 25 18 15
3888 3931 21 17 et
3923 3930 24 18 20
3959 3932 15 17 h
3997 3933 8 17 î
4019 3935 13 13 «
4045 3930 55 18 Brus-

3577 3952 29 16 sel
3622 3951 75 17 Neuter
3711 3955 19 14 ».

3578 3973 172 20 MUSIC-HALLS
3766 3974 33 17 ET
3812 3974 162 18 SPECTACLES
3988 3974 93 18 DIVERS

3554 3995 98 17 Ancienne
3669 3996 100 19 Belgique.
3785 4003 26 6 —
3827 3997 19 16 A
3860 3996 65 20 partir
3940 3995 24 19 de
3980 3998 22 15 14
4019 3997 18 16 h.
4055 3996 21 17 30
4094 3998 5 13 :

3577 4015 121 18 Music-hall.

3553 4036 47 19 Mon
3614 4038 85 20 Village.
3714 4047 27 5 —
3754 4038 24 18 15
3792 4039 20 18 h.
3828 4038 24 19 30
3867 4038 21 20 et
3902 4039 24 18 20
3939 4040 21 18 h.
3979 4042 7 16 :
4001 4043 12 13 c
4026 4039 50 19 Tous
4087 4037 13 18 A

3577 4059 65 18 l'Abri
3661 4064 19 14 ».

3553 4080 60 21 Gnlty
3631 4082 87 17 Cabaret
3734 4078 97 24 Dancing.
3849 4090 23 6 —
3889 4083 66 18 Soirée
3972 4083 13 17 à
4003 4083 61 20 partir
4079 4081 22 18 dt

3578 4102 24 18 20
3624 4104 77 17 heures.
3727 4103 134 18 (Attractions
3882 4105 106 16 diverses».

3554 4124 103 18 Péruchefc
3671 4132 26 6 —
3710 4126 24 17 15
3747 4126 13 16 h
3783 4129 7 14 :
3805 4130 12 12 «
3828 4126 30 17 Le
3873 4126 53 17 Petit
3939 4127 54 17 Chat
4006 4126 60 18 Blsnc
4078 4124 22 19 dt

3578 4147 20 16 la
3613 4147 54 16 Mère
3683 4143 72 22 Michel
3771 4151 19 14 ».

3772 4168 118 23 .-♦■♦"

3556 4205 65 48 LES
3642 4201 174 52 CINEMAS
3836 4206 28 46 A
3885 4205 215 49 BRUXELLES

3576 4290 25 20 A.
3621 4290 24 20 B.
3664 4291 24 18 O.
3706 4300 24 6 —
3748 4292 64 18 Robin
3831 4293 35 17 des
3886 4293 52 17 Bols.
3959 4293 56 17 Errol
4034 4292 63 20 Flynn.

3553 4313 63 17 O'.vïa
3634 4313 25 18 de
3677 4313 113 18 Havllland.
3811 4314 47 18 Enf.
3878 4315 71 17 admis.

3576 4334 95 19 AGORA.
3690 4343 26 5 —
3734 4333 135 21 Réouverture
3889 4337 19 17 le
3926 4336 25 18 27
3969 4336 88 18 octobre:
4074 4333 26 19 I*

3552 4355 85 18 Paradis
3648 4356 69 20 perdu.

3579 4379 178 17 ambasSADOR.
3777 4388 24 4 —
3816 4378 92 19 Fetrimes
3924 4379 89 21 perdues.
4033 4379 60 16 Actua-

3553 4399 45 18 ires
3618 4400 134 18 nombreuses.
3773 4401 47 17 Enf.
3841 4404 39 15 non
3899 4402 72 17 admis.
3992 4401 80 17 Séances
4092 4401 6 14 :

3554 4421 29 20 14.
3600 4420 28 20 18.
3645 4421 30 21 18.
3690 4420 30 23 30,
3735 4421 25 18 22
3774 4422 19 18 h,

3577 4443 52 22 CIN.
3652 4444 50 17 DES
3724 4444 171 19 BEAUX-ARTS.
3915 4449 25 9 —
3961 4441 138 23 Mademoiselle

3553 4466 19 15 et
3588 4468 36 14 son
3642 4465 59 18 Bébé.
3720 4465 74 21 Gtnger
3810 4466 81 19 Rogera.
3908 4465 64 19 Davis
3988 4466 68 17 Nlven.
4073 4464 25 16 L»

3552 4486 76 17 Chasse
3644 4487 13 16 i
3673 4487 20 17 la
3710 4488 85 16 Ba'.eine.

3576 4508 63 19 CINE
3660 4508 64 19 MAX.
3744 4517 23 5 —
3786 4507 44 19 ElTfl
3847 4509 21 18 et
3886 4508 44 19 Lul.
3952 4509 61 20 Irène.
4029 4509 67 16 Dunn».

3552 4530 83 17 Charles
3651 4529 70 21 Boyer.
3738 4530 48 18 Ent.
3803 4531 71 17 admis.

3576 4550 63 19 CINE
3660 4551 59 18 VOG.
3740 4560 23 5 —
3784 4551 30 18 La
3835 4551 127 26 Chyaucfcêe
3983 4551 114 19 fantastique

3556 4574 68 16 ista-e
3647 4574 75 17 Coach)
3751 4573 25 19 de
3795 4574 53 17 John
3868 4573 58 19 Ford.
3949 4573 55 18 Vers,
4025 4572 66 20 orlgin*

3552 4595 120 17 sous-t'tres.
3725 4607 19 4 _
3854 4606 8 12 ,

3577 4617 71 16 COLIS
3651 4617 61 17 El*M.
3732 4625 26 5 —
3776 4616 56 19 Ceux
3850 4617 34 20 qui
3903 4617 85 19 Veillent
4009 4617 55 19 (avec
4082 4616 16 14 *

3552 4640 95 15 concours
3661 4638 24 17 de
3697 4638 82 18 l'armée
3791 4638 74 20 belge).
3879 4640 17 16 A
3909 4639 65 21 Coups
3986 4638 24 18 de
4025 4638 70 18 Poings.

3552 4659 94 18 Séances:
3667 4659 31 19 10.
3718 4659 62 21 11.35,
3802 4660 62 22 13.35,
3884 4659 57 19 15.36
3967 4660 55 18 17.50
4047 4657 50 20 19.W

3553 4681 20 17 et
3587 4679 63 19 21.45.

3577 4703 98 16 cuosly
3691 4703 119 18 LEOPOLD
3827 4703 39 19 m.
3884 4710 26 8 —
3925 4704 90 20 Raphaël
4031 4703 17 19 lt
4063 4700 27 19 Ta-

3552 4722 52 19 toué.
3621 4724 117 18 Fernandel.
3756 4723 41 19 Enf
3818 4724 72 20 admis.

3577 4745 95 19 CROSL*
3695 4746 79 18 NORD.
3795 4755 20 5 —
3841 4746 114 18 Actualités.
3978 4746 118 20 Programme

3553 4766 60 18 varié.
3630 4766 46 18 Enf.
3695 4766 70 19 ndmls.

3576 4788 147 18 MARIVAUX.
3742 4797 26 6 —
3785 4788 102 20 Monsieur
3905 4790 129 17 Brotonneau.
4055 4786 41 19 Rai'

3552 4813 40 14 mu.
3612 4810 77 18 Josette
3708 4811 50 19 Day.
3779 4811 65 21 Marg.
3864 4812 75 20 Pierry,
3960 4813 29 15 En
3992 4816 6 12 i
4001 4815 24 13 an
4027 4812 17 15 tt
4062 4810 34 16 non

3551 4832 60 17 adm.
3629 4832 86 18 Séances
3742 4836 6 14 :
3772 4832 62 22 14.30,
3858 4831 61 22 18.40.
3954 4832 12 19 S
3973 4833 30 23 "0,
4025 4831 21 18 21
4066 4830 29 19 h-;

3554 4855 49 16 sam.
3620 4853 20 17 et
3655 4853 47 18 dim.
3722 4856 6 15 :
3745 4853 30 21 14.
3791 4853 30 19 18.
3838 4854 30 21 18.
3883 4854 25 18 20
3922 4855 20 17 et
3958 4853 24 19 22
3997 4855 19 16 h.

3577 4873 162 20 METROPOLE.
3760 4881 23 8 —
3805 4875 73 19 Veillée
3898 4876 100 17 d'Anu-i..
4022 4873 73 18 rhirlu

3553 4896 40 19 aoy
3605 4899 16 14 r.
3638 4895 58 19 Irène
3711 4896 76 18 Dunne.
3806 4898 47 17 Enr.
3869 4900 39 15 non
3923 4897 52 18 adm.
3993 4898 80 16 séances
4090 4904 4 5 ■

3553 4920 58 15 len..:
3627 4917 62 19 14.30.
3707 4917 62 23 16.40,
3785 4919 61 20 18.50,
3863 4920 22 17 81
3902 4920 30 17 b..
3948 4922 60 15 sam.:
4024 4919 29 20 14,
4069 4915 24 18 *•■

3555 4940 52 16 .8.05
3631 4939 61 19 20.10.
3711 4940 25 17 22
3744 4940 32 20 15i
3793 4942 58 16 dim.;
3869 4941 30 20 13,
3916 4940 30 21 15.
3963 4940 24 18 17
3994 4940 24 18 05
4040 4937 50 19 19-10

3550 4959 63 19 «l.lfi.

3577 4981 165 20 NORMANDIE.
3755 4991 25 6 —
3791 4983 55 18 Feux
3859 4984 24 18 de
3894 4983 50 19 Joie.
3960 4983 45 20 Ray
4016 4981 80 19 Ventura

3553 5004 20 16 et
3588 5006 33 14 ses
3637 5004 60 19 Boys.
3716 5004 30 18 La
3761 5005 52 17 Voix
3830 5006 27 17 du
3873 5006 64 17 Cœur.
3957 5005 56 20 Wi'.ly
4029 5001 65 21 BirgeL

3553 5025 82 20 Brigitte
3652 5026 85 19 Horney.
3755 5026 41 18 Enf
3818 5030 40 15 non
3873 5027 53 18 adm.
3944 5028 78 17 Séanc:
4040 5022 55 21 13.30,

3553 5046 29 21 15,
3598 5046 11 17 1
3610 5045 18 23 7,
3644 5047 23 17 19
3669 5061 6 8 ,
3689 5046 32 18 21.

3576 5068 86 17 PATHE
3680 5068 110 20 PALACE.
3810 5078 25 5 —
3853 5069 101 19 Monsieur
3972 5068 121 19 Brotonneau.

3552 5089 79 17 Raimu.
3650 5090 78 19 Josette
3746 5091 52 20 Day.
3818 5091 65 21 Marg.
3903 5092 74 20 Pierry.
3996 5091 46 17 Enf.
4061 5090 34 16 nos

3553 5111 70 17 admis.

3577 5132 88 17 plaza.
3680 5140 22 6 —
3717 5132 38 19 Us
3766 5134 13 17 9
3792 5134 137 22 Cê'inatairea,
3942 5135 24 17 dt
3978 5134 63 17 Sacha
4052 5131 42 27 Ooj-

3552 5153 31 20 try
3605 5154 66 17 Sacha
3685 5155 78 20 Guitry.
3778 5155 24 19 E.
3817 5154 92 22 Popcsoo.
3924 5154 19 19 V
3966 5156 89 17 ÉJcUcher.
4069 5151 24 18 M.

3553 5173 84 19 Moieno.
3657 5175 46 18 Enf.
3723 5179 38 15 non
3779 5176 70 19 udmis.

3577 5196 77 18 BOXY.
3675 5205 26 6 —
3723 5198 126 18 Ultimatum.
3872 5199 47 17 Eric
3939 5203 38 14 von
3998 5195 95 21 Strohelm.

3552 5217 49 18 Dita
3614 5215 65 21 Parlo.
3695 5219 31 17 La
3740 5219 95 19 Divorcée
3848 5221 84 19 Joyeuse
3952 5220 51 20 Fred
4016 5218 77 19 Astaire.

3553 5239 72 21 Qinger
3640 5239 81 21 Rogers.
3738 5240 47 18 Enf.
3802 5245 40 14 non
3856 5238 82 21 admis.'

3576 5260 94 20 STUDIO
3685 5262 172 20 ARENBERO.—
3873 5263 29 18 La
3915 5265 71 16 Source
3999 5266 38 14 aux
4052 5261 41 16 U>u-

3554 5283 74 19 toques.
3644 5283 81 18 Martha
3740 5284 61 20 Raye.
3817 5284 42 18 Bob
3875 5284 60 21 Bope.
3952 5285 56 20 Andy
4021 5282 71 19 Devint»

3577 5304 106 18 sTUART.
3701 5313 17 6 -
3737 5306 54 18 Noua
3805 5309 54 15 irons
3872 5309 13 15 a
3902 5308 53 16 Pan.
3980 5306 49 17 Joan
4044 5304 48 17 Bi»-

3553 5325 36 18 dell
3613 5325 65 20 Melvy
3695 5326 87 21 Douglas
3805 5327 46 19 Eftf.
3869 5331 39 15 non
3923 5328 51 18 adm.

3577 5347 136 19 VARIETES.
3734 5358 23 5 —
3780 5350 39 18 Ah!
3840 5351 64 20 quelle
3925 5350 79 18 femme!
4025 5346 68 20 MeW

3554 5369 93 20 Douglas.
3672 5369 89 21 Virginia
3785 5372 68 17 Bruce.
3878 5372 39 17 Ent
3947 5375 39 14 non
4007 5368 65 19 admit.

3571 5398 16 11 '-
3998 5400 3 10 ■
4011 5400 22 22 r
4039 5400 8 8 ,
4048 5411 3 2 -
4051 5396 20 17 g
4072 5393 22 20 g

3551 5436 140 39 Compagnie
3709 5438 174 38 Métallurgique
3901 5439 29 33 de
3947 5437 32 34 La
3996 5435 97 36 Campine

3702 5484 109 20 SOCIETE
3826 5485 127 19 ANONYME

3551 5505 57 19 Stéga
3619 5504 72 19 social:
3705 5507 29 21 12,
3746 5507 81 20 Longuo
3839 5510 35 15 ma
3887 5508 35 17 des
3934 5506 80 22 Claires,
4025 5503 67 18 Anvcn

3573 5570 19 18 H
3608 5571 32 17 est
3656 5571 57 21 porto
3730 5571 15 18 A
3761 5572 22 18 la
3799 5573 141 18 connaissance
3957 5572 24 18 de
3996 5567 95 21 Messleu»

3551 5592 29 17 let
3599 5592 139 19 Actionnaires
3757 5597 38 17 que
3816 5594 19 18 le
3854 5594 78 18 Conseil
3950 5593 20 18 d'
3971 5589 120 22 Administra*

3552 5613 41 17 tion
3610 5616 14 15 a
3641 5614 68 18 décidé
3725 5615 19 18 la
3762 5616 101 20 paiement
3879 5616 48 18 d'un
3944 5617 73 18 coupon
4034 5609 50 20 Intéri-

3551 5635 69 18 maire.
4082 5648 5 3 .

3575 5657 19 17 A
3610 5657 32 17 cet
3659 5657 58 24 effet,
3733 5658 20 18 lo
3770 5662 75 14 eounon
3862 5662 20 15 n.
3901 5659 12 18 8
3927 5661 47 15 sera
3990 5653 77 24 payable
4080 5651 12 16 *

3552 5678 64 19 partir
3632 5678 27 18 du
3676 5680 95 17 mercredi
3787 5680 25 18 25
3826 5680 80 19 octobre
3921 5679 46 19 1939
3984 5681 36 18 par
4034 5675 22 18 16
4069 5679 18 11 ■

3550 5700 41 21 net,
3607 5703 41 15 aux
3663 5701 90 20 guichets
3768 5702 33 18 de:

3574 5720 23 20 a)
3613 5721 82 21 Banque
3708 5723 25 17 de
3745 5722 59 19 Paris
3816 5723 21 19 et
3850 5723 34 18 des
3898 5723 106 20 Pays-Bas,
4019 5720 28 19 31,
4061 5717 30 17 *°*

3550 5743 35 17 des
3598 5743 98 22 Colonies,
3710 5743 108 19 Bruxelles.

3573 5764 24 19 b)
3615 5765 77 18 Softlétê
3709 5769 25 14 en
3750 5769 46 15 nom
3813 5766 87 18 collectif
3914 5765 90 19 Frédéric
4019 5760 70 20 Jscobt.

3550 5790 131 18 successeurs,
3696 5787 30 19 12.
3740 5788 81 20 Longue
3833 5791 34 14 rue
3879 5787 35 19 de*
3925 5787 80 21 Claires,
4017 5782 72 20 Anver»*

3574 5807 21 19 c)
3616 5809 32 16 Au
3665 5808 55 20 siège
3738 5809 146 17 administratif
3902 5810 24 17 de
3945 5809 21 16 la
3983 5806 87 19 Comptf
4069 5804 22 13 119

3551 5829 151 18 M«aiMr*tn»e
3721 5830 24 19 da
3762 5831 22 19 U
3801 5831 102 25 Cawplna,
3919 5831 31 22 22,
3966 5833 35 15 rue
4017 5828 11 17 d
4030 5826 60 36 '^!?J5

3552 5856 44 17 sne.
3611 5851 111 22 Bruxell*».
