3933 5578
249 3 13 34 I
277 4 5 18 l
309 4 27 18 JU
353 4 8 17 J
380 3 43 34 ■
443 4 10 18 '

145 239 99 61 LE
299 229 332 68 CABINET
687 230 486 64 CHAUTEMPS

277 321 252 55 DEVANT
558 320 106 46 LES
696 321 343 49 CHAMBRES

176 441 47 36 IA
245 431 161 42 LECTURE
430 429 47 37 DE
500 429 48 36 LA
571 419 263 45 DÉCLARATION
858 423 277 46 MINISTÉRIELLE

195 527 42 36 LE
262 519 287 42 REDRESSEMENT
572 516 194 39 FINANCIER
789 517 27 36 A
839 517 277 42 L'AVANT-PLAN

229 618 40 19 <De
286 617 62 20 notre
365 612 185 26 correspondant.)

161 649 69 21 Paris,
244 649 12 18 2
268 647 118 21 décembre.
400 655 25 5 —
442 645 52 18 (Par
508 641 25 20 fil
546 638 97 27 spétift».

137 685 26 5 —
178 675 29 20 Le
224 673 89 20 cabinet
329 671 141 21 Chautemps.
487 667 19 20 le
523 665 120 23 cinquième

137 700 27 20 de
176 699 22 20 la
209 697 130 26 législature,
350 695 51 22 sVtf
413 691 100 26 présenté
523 692 35 18 cet
570 692 73 20 après-

138 724 55 20 midi
208 724 82 20 devant
304 722 19 20 le
339 718 128 22 Parlement.

164 749 63 19 Cette
246 745 149 24 présentation
414 742 59 19 avait
488 739 34 20 été
541 738 101 24 précédée

138 774 53 19 d'un
205 771 86 21 Conseil
305 774 37 16 des
356 767 115 20 ministres,
484 768 28 15 au
525 766 63 16 cours
602 760 28 19 du
633 769 9 5 -

139 798 50 19 miel
200 798 22 19 H
234 794 132 22 déclaration
379 786 148 24 ministérielle
536 786 61 20 avat
609 783 34 20 été

139 800 93 42 SumSe
249 800 28 39 S
295 815 109 26 président
420 813 27 19 de
464 811 21 20 la
504 809 133 24 République

139 824 121 44 affilie
278 842 31 19 les
330 838 83 25 projets
435 835 27 20 de
485 830 158 24 redressement

141 868 179 45 ^A^sSuitS
342 888 19 18 le
380 884 112 24 président
511 882 29 20 du
556 881 87 20 Conseil

139 924 14 12 a
165 918 22 18 lu
200 917 21 18 la
234 912 132 22 déclaration
380 914 13 15 a
406 909 23 20 la
441 907 116 21 Chambre,
570 905 74 21 tandis

138 946 40 18 que
196 938 29 21 M.
240 935 121 24 Raynaldy.
379 933 66 24 garde
464 933 38 20 des
518 934 87 17 sceaux,
622 929 21 19 la

138 963 57 22 Usait
209 962 80 20 devant
300 960 20 19 le
334 958 76 21 Sénat.

161 987 59 20 Voici
232 987 57 19 cette
301 983 136 22 déclaration
452 986 7 16 :

270 1014 103 18 Messieurs,

159 1042 24 16 Le
199 1040 140 20 gouvernement
354 1036 112 21 républicain
482 1035 30 19 qu!
526 1038 20 13 ie
562 1032 83 21 présente

141 1066 66 17 devant
218 1069 50 13 vous,
281 1064 59 16 moins
353 1063 84 16 soucieux
448 1062 22 15 de
482 1059 109 20 polémiques
604 1059 41 14 inu-

141 1092 41 16 Uï-«j
195 1094 34 16 que
242 1090 81 16 d'action
335 1087 108 17 nécessaire,
455 1088 45 13 vous
512 1084 62 16 convie
589 1083 10 15 à
613 1085 33 12 en-

141 1116 105 19 -.repreodre
257 1117 45 13 sans
311 1113 48 16 déCal
370 1115 35 13 une
416 1114 60 13 œuvre
487 1110 22 15 de
519 1107 50 18 saint
579 1106 66 20 public,

141 1141 45 16 dont
201 1142 51 14 votre
268 1138 114 19 patrlotume
398 1140 23 12 ne
435 1134 72 17 saurait
522 1131 124 18 méconnaître

140 1166 6 16 I
148 1167 89 17 "urgence.

161 1190 68 16 DcduIs
249 1191 43 15 trop
310 1188 107 18 longtemps,
439 1184 49 16 alors
507 1186 34 15 que
562 1181 42 16 tant
624 1181 22 15 de

141 1214 100 20 problèmes
266 1212 126 18 économiques
408 1210 18 16 et
453 1207 149 17 Internationaux
618 1207 19 13 re-

141 1239 82 19 quières
240 1239 53 15 notre
312 1236 94 19 vigilance,
424 1234 19 16 la
459 1233 30 15 vie
508 1229 139 22 parlementaire

141 1264 28 15 est
185 1262 95 20 paralysée
296 1265 34 13 par
347 1261 79 17 Tunique
443 1257 50 17 souci
509 1257 22 15 de
548 1254 99 19 l'équilibre

141 1288 111 19 budgétaire.
275 1286 72 19 Quelles
368 1285 53 18 qu'en
451 1280 82 21 puissent
558 1279 38 15 être
622 1277 25 16 les

141 1316 64 13 causes
226 1313 54 14 notre
296 1310 120 19 impuissance
432 1308 12 15 k
460 1305 74 19 remplir
549 1307 20 12 ce
586 1302 61 16 devoir

142 1336 127 18 entraînerait,
297 1338 45 16 pour
359 1334 15 15 le
392 1335 50 16 pays,
459 1331 31 16 des
516 1330 131 16 conséquence*

142 1362 45 16 dont
200 1361 32 16 nul
245 1364 23 13 ne
281 1359 71 16 saurait
365 1358 40 16 nier
417 1356 19 17 la
449 1353 76 21 gravité.

265 1390 28 15 LA
308 1388 64 17 CRISE
388 1384 136 18 FINANCIERE

162 1422 51 16 Crise
230 1419 100 17 financière
347 1416 80 17 d'abord,
443 1419 33 12 car
492 1414 16 16 le
526 1412 63 17 déficit
607 1414 30 16 per-

143 1447 75 15 manent
237 1446 74 14 menace
329 1442 19 16 la
366 1440 102 17 Trésorerie
487 1440 19 14 ct
523 1436 87 17 enhardit
629 1438 18 13 ta

142 1471 118 17 spéculation.
276 1466 122 17 Assurément,
416 1465 18 15 la
449 1464 69 15 France
536 1462 43 18 peut
596 1459 51 16 avoir

142 1494 94 16 confiance
249 1495 23 13 en
284 1494 33 13 son
331 1492 68 14 avenir.
411 1489 37 15 Son
459 1486 59 16 crédit
530 1487 19 14 et
561 1489 21 11 sa
594 1487 42 12 mon-

141 1519 41 15 naie
197 1517 42 15 sont
254 1518 63 13 encore
332 1514 58 18 parmi
406 1512 26 16 les
446 1511 41 19 plus
501 1509 65 17 solides
580 1510 18 14 ct
614 1511 32 12 son

141 1541 62 19 peuple
217 1544 10 11 a
241 1539 55 19 gardé
310 1539 78 15 intactes
402 1539 29 12 ses
444 1533 143 19 incomparables
601 1535 35 16 qua-

140 1565 41 16 lités
195 1565 22 15 de
232 1563 65 16 travail
312 1563 19 15 et
344 1561 104 18 d'épargne;
463 1558 47 16 mais
524 1557 13 16 il
551 1558 47 15 n'est
612 1559 34 16 que

141 1592 40 16 trop
196 1588 70 16 certain
283 1589 33 16 qu«
332 1589 22 12 sa
369 1584 90 16 situation
476 1582 83 19 présente
576 1580 71 20 appelle

139 1614 19 16 la
172 1613 40 19 plus
226 1612 78 15 sérieuse
318 1610 92 16 attention
426 1608 18 17 et
459 1607 83 19 réclame,
558 1606 21 15 de
594 1606 52 15 notre

139 1639 47 18 part,
200 1636 123 18 d'énergiques
337 1635 18 15 et
370 1632 113 17 immédiates
495 1631 97 16 solutions.

270 1672 28 15 LA
313 1670 65 17 CRISE
393 1668 123 19 FOLITIQl'E

158 1704 51 17 Crise
226 1703 87 19 politique
331 1701 77 16 ensuite.
425 1697 123 18 L'Instabilité
565 1696 74 18 ministé-

139 1729 49 16 rielle
202 1732 11 12 a
226 1726 89 21 provoqué
326 1726 48 15 dans
386 1724 16 16 le
415 1727 46 16 pays
473 1726 36 13 une
522 1722 40 17 vive
572 1723 21 15 et
604 1722 36 18 légi-

140 1756 42 13 time
195 1753 81 15 émotion
288 1753 20 14 et
319 1749 95 18 l'autorité
427 1749 22 15 de
462 1748 58 16 l'Etat
531 1747 41 16 s'en
585 1748 64 15 trouve

140 1778 82 16 atteinte.
241 1777 22 15 Le
280 1775 68 19 régime
363 1773 143 20 parlementaire
523 1773 29 15 est
569 1771 81 17 dénoncé

139 1805 68 13 comme
234 1800 95 19 incapable
345 1799 22 16 de
384 1798 56 17 libres
465 1797 106 19 disciplines
586 1797 20 15 et
621 1799 29 13 «s

139 1826 113 17 adversaires
269 1824 97 18 affichent,
383 1826 70 13 comme
470 1822 54 18 Jadis,
542 1821 32 16 des
589 1823 52 14 consi-

138 1855 44 15 gnes
199 1851 22 15 de
248 1849 85 17 désordre
350 1849 19 15 et
394 1847 117 19 d'agitation.
528 1846 24 16 Le
569 1845 82 17 meilleur

139 1879 64 15 moyen
217 1875 21 16 de
252 1874 16 16 le
281 1873 88 17 défendre
383 1873 29 17 e*t
426 1872 42 16 d'en
482 1874 74 12 assurer
568 1870 17 16 le
599 1869 42 16 fonc-

139 1900 115 16 tionnement
269 1898 78 20 régulier
363 1898 19 15 et
398 1897 22 16 de
436 1896 105 16 démontrer
557 1894 12 16 k
583 1895 19 16 la
618 1898 24 12 na-

139 1925 40 16 tion
195 1924 44 19 qu'il
254 1925 29 15 est
297 1926 25 13 en
336 1925 72 13 mesure
423 1921 24 16 de
462 1921 48 16 faire
526 1919 42 16 face
584 1919 12 16 à
611 1920 42 15 tous

138 1953 30 13 «es
182 1949 72 16 devoirs
268 1951 66 13 envers
346 1947 40 16 elle.

160 1974 101 16 Restaurer
276 1973 26 15 les
328 1972 90 17 finances,
444 1970 88 17 défendre
546 1969 18 16 le
579 1968 71 19 régime,

138 1999 48 17 c'est
200 2001 45 16 pour
260 1998 48 16 cette
324 1996 64 17 double
404 1995 54 17 t&che
473 1998 34 16 que
521 1996 17 16 le
553 1996 90 16 gouverne-

140 2024 52 16 ment
208 2023 36 16 lait
260 2022 53 19 appel
328 2021 11 16 k
354 2022 52 15 votre
421 2019 103 17 confiance.

162 2048 16 16 11
190 2050 75 15 marque
277 2050 21 13 sa
311 2045 73 17 volonté
396 2049 22 12 en
431 2043 146 19 accompagnant
589 2046 21 13 sa
623 2041 22 17 dé-

140 2072 92 17 claration
250 2070 138 17 traditionnelle
404 2069 45 16 d'un
466 2069 42 15 acte
524 2066 95 17 immédiat
636 2066 19 16 et

141 2096 73 18 décisif;
229 2094 119 20 aujourd'hui
362 2094 63 18 même,
438 2093 14 16 11
466 2092 65 19 dépose
544 2095 32 13 sur
590 2091 17 16 le
620 2091 24 15 bu-

140 2124 45 12 reau
201 2121 22 15 de
240 2120 19 16 la
275 2119 96 18 Chambre,
388 2122 23 12 en
427 2117 114 16 demandant
557 2119 47 16 pour
620 2118 34 14 6on

140 2147 77 13 examen
231 2144 20 16 la
264 2143 99 19 procédure
388 2141 143 20 exceptionnelle
555 2140 99 16 d'extrême

140 2171 78 15 urgence
236 2171 24 12 un
278 2168 60 18 projet
354 2167 23 16 do
391 2166 26 16 loi
433 2166 79 16 tendant
529 2168 23 12 au
569 2164 80 16 rétablis,

139 2194 72 14 eement
231 2192 79 18 complet
330 2191 23 16 de
372 2190 101 19 l'équilibre
494 2188 107 19 budgétaire
621 2191 33 16 par

139 2220 36 12 une
192 2216 92 19 équitable
301 2215 112 19 répartition
430 2214 32 16 des
477 2213 97 16 sacrUlces
591 2212 54 16 néces-

139 2241 58 15 saires
210 2243 23 12 au
245 2240 50 15 salut
306 2242 91 13 commun.
409 2238 49 16 C'est
469 2241 32 12 sur
513 2240 33 12 son
558 2239 86 16 program-

140 2268 28 13 me
180 2264 91 16 financier
283 2263 44 20 qu'il
338 2262 85 16 souhaite
435 2262 57 16 d'être
504 2261 42 18 Jugé
558 2264 34 15 par
604 2263 50 14 vous,

140 2288 86 20 espérant
239 2288 66 19 qu'une
319 2287 50 16 trêve
382 2290 46 13 nous
441 2286 101 19 permettra
556 2285 88 16 d'a.ssocle

139 2317 35 13 nos
187 2314 67 15 «fforts
267 2315 45 16 pour
325 2311 82 17 l'intérêt
421 2310 80 19 général.
515 2310 37 15 Nos
565 2309 89 18 querellée

139 2339 79 18 peuvent
231 2336 91 19 attendre,
334 2336 27 16 les
372 2335 101 16 échéances
484 2333 119 17 n'attendent
615 2336 39 16 pas.

160 2363 69 17 Certes.
245 2361 105 18 Messieurs,
366 2359 101 19 l'équilibre
483 2357 107 20 budgétaire
606 2357 49 16 n'est

140 2387 66 19 qu'une
219 2386 54 19 étape
286 2385 102 17 nécessaire
402 2382 47 17 dans
461 2383 20 16 la
492 2382 40 16 voie
545 2382 24 16 du
582 2382 63 15 redres-

140 2411 70 17 sement
227 2409 92 17 national.
337 2408 81 17 Bientôt,
436 2411 48 13 nous
501 2410 46 13 vous
565 2406 89 16 saisirons

139 2437 23 16 de
181 2436 61 16 divers
261 2434 71 20 projets
352 2432 82 18 destinés
453 2432 12 16 k
484 2432 83 16 ranimer
587 2430 19 17 la
625 2430 29 16 vie

140 2461 117 18 économique
270 2459 24 16 du
309 2462 51 16 pays,
373 2458 12 16 à
398 2457 96 19 organiser
505 2457 20 15 et
538 2455 84 20 protéger
635 2455 18 16 ls

139 2485 116 21 production,
270 2484 11 16 à
294 2483 74 17 rMulre
382 2482 17 17 le
413 2481 94 19 chômage.

160 2510 27 16 De
204 2509 59 16 même
281 2512 48 13 nous
357 2507 138 19 poursuivrons,
514 2508 24 13 en
555 2504 50 20 plein
624 2508 24 11 ac

140 2535 42 16 cord
196 2537 44 13 avec
252 2536 27 16 les
292 2532 127 17 commissions
432 2530 152 20 parlementaires
596 2530 19 15 et
627 2528 27 17 les

140 2558 114 18 assemblées,
274 2558 20 16 la
314 2557 88 19 politique
433 2555 101 16 extérieure
555 2553 90 17 tradition-

139 2584 48 16 nelle
203 2584 22 15 de
240 2583 19 16 la
283 2582 73 16 France
381 2580 124 20 républicaine
521 2580 20 15 et
556 2578 97 19 pacifique,

140 2608 55 17 fidèle
209 2608 12 15 à
235 2607 18 16 la
267 2606 72 17 Société
352 2606 33 16 des
397 2605 85 17 Nations,
496 2604 12 15 à
521 2606 34 13 son
570 2602 47 16 Idéal
631 2602 23 15 de

139 2632 120 20 coopération
277 2630 150 17 internationale,
445 2632 69 13 comme
533 2632 11 11 a
560 2630 30 13 ses
608 2626 36 16 ami-

140 2658 41 20 tiés,
195 2661 31 13 ses
239 2658 85 15 ententes
337 2656 21 15 et
371 2658 31 13 ses
415 2654 69 19 pactes.

232 2700 29 16 LA
277 2697 122 19 POLITIQUE
415 2694 145 18 EXTERIEURE

161 2730 52 17 Prêts
230 2730 12 15 à
260 2729 112 19 poursuivre,
389 2727 51 16 selon
456 2728 20 16 la
492 2724 100 20 procédure
608 2726 39 14 nor

138 2755 49 16 maie
206 2755 33 15 des
258 2752 137 17 chancelleries,
414 2749 144 18 l'amélioration
576 2748 23 16 de
619 2751 33 12 nos

139 2781 86 17 rapports
241 2781 43 12 avec
300 2778 61 14 toutes
375 2776 28 15 les
416 2775 113 19 puissances,
544 2775 48 14 nous
607 2771 35 16 esti-

139 2806 52 14 mons
204 2806 34 15 que
253 2803 32 15 des
298 2800 76 18 accords
388 2798 116 20 particuliers
519 2801 23 12 ne
555 2796 96 17 sauraient

139 2827 57 17 servir
211 2827 19 16 la
244 2828 43 17 paix
302 2828 35 16 que
351 2824 40 17 s'ils
406 2827 23 13 ne
445 2822 75 20 portent
534 2824 72 13 aucune
621 2820 21 16 at-

138 2852 59 17 teinte
208 2851 12 16 à
232 2851 53 16 notre
296 2852 66 17 propre
375 2847 79 19 sécurité
465 2848 20 15 et
495 2846 40 17 s'ils
547 2845 104 19 respectent

138 2877 28 16 le»
186 2875 131 20 engagements
345 2872 153 17 internationaux
519 2873 35 16 par
574 2868 77 20 lesquels

139 2901 43 16 tous
194 2900 29 17 les
235 2898 76 21 peuples
325 2898 34 16 ont
371 2895 85 19 cherché,
469 2895 66 19 depuis
548 2894 19 16 la
582 2896 68 17 guerre.

140 2926 13 15 à
167 2924 84 20 garantir
265 2926 23 13 en
302 2925 84 13 commun
401 2921 50 16 leurs
463 2919 65 16 droits.

140 2949 49 17 Maïs
204 2949 62 15 tontes
281 2951 31 13 ees
337 2945 80 20 grandes
432 2948 77 13 oeuvres,
526 2943 15 16 si
567 2942 86 19 urgentes

161 2973 75 20 qu'elles
250 2972 66 17 soient,
332 2971 43 16 sont
390 2968 128 18 commandées
532 2971 35 16 par
580 2967 20 16 la
615 2970 34 12 res-

161 2998 96 16 Unratlon
275 2995 93 21 préalable
403 2994 33 16 des
452 2993 85 16 finances
554 2990 100 21 publiques,

162 3023 31 18 qui
207 3023 29 15 est
250 3022 20 15 la
285 3020 95 16 condition
395 3019 23 16 de
431 3018 43 15 tout
488 3020 54 16 appel
557 3020 25 11 an
596 3015 58 16 erédlt

161 3051 70 12 comme
242 3045 35 16 «Ue
289 3044 36 19 est,
337 3044 12 16 à
360 3043 112 17 l'extérieur,
483 3045 27 13 on
522 3041 32 16 des
567 3039 88 17 éléments

161 3072 23 16 de
195 3071 20 16 la
226 3069 79 17 sécurité
317 3068 100 19 française.

161 3096 51 16 C'est
226 3095 47 16 donc
289 3097 31 13 sur
335 3093 36 16 elle
383 3096 35 15 que
432 3092 18 17 le
465 3090 143 20 gouvernement
622 3092 27 13 en.

140 3120 51 19 tend,
206 3122 48 17 pour
270 3117 125 20 aujourd'hui,
411 3116 110 17 concentrer
536 3118 30 13 ses
582 3114 71 16 efforts.

139 3146 50 15 Pour
203 3144 19 16 la
238 3146 64 14 mener
317 3142 12 16 k
343 3142 49 18 bien,
408 3141 14 16 11
436 3141 37 15 fait
489 3139 54 20 appel
558 3139 12 15 k
584 3138 69 17 l'union

140 3170 23 16 de
178 3170 42 16 tons
233 3169 28 16 les
275 3166 124 20 républicains
412 3166 37 19 qui,
463 3164 66 16 fidèles
543 3166 36 13 aux
592 3162 61 17 leçons

140 3195 24 16 de
174 3193 98 17 l'histoire,
284 3191 67 17 savent
363 3194 35 15 que
410 3189 68 17 l'ordre
491 3189 47 15 dans
551 3188 26 16 les
590 3187 59 16 Ilnan-

140 3222 31 14 ces
183 3219 32 15 est
227 3217 20 17 la
260 3216 93 17 meilleure
367 3213 112 20 sauvegarde
494 3213 33 16 des
540 3211 77 20 régimes
631 3211 22 16 de

140 3242 72 19 liberté.

161 3267 50 16 Vous
228 3266 112 17 connaisses.
366 3263 104 18 Messieurs,
486 3262 19 16 le
532 3261 70 19 danger
619 3263 34 16 que

141 3291 71 19 Chaque
232 3291 43 18 Jour
296 3292 85 17 aggrave.
401 3288 24 16 Le
446 3286 142 20 gouvernement
608 3288 46 13 vous

141 3319 77 17 propose
232 3316 32 15 des
278 3314 81 17 remèdes
373 3314 19 15 et
406 3315 69 15 engage
489 3311 70 16 devant
573 3312 45 13 vous
631 3312 22 13 sa

141 3339 145 20 responsabilité,
298 3338 16 16 n
325 3341 45 12 vous
381 3336 63 17 convie
457 3336 11 15 à
479 3334 82 18 l'action,
574 3337 25 12 au
610 3337 43 15 nom

140 3365 25 16 du
175 3368 45 15 pays
230 3364 31 19 qui
272 3362 92 20 préférera
374 3361 32 17 des
416 3363 81 13 mesures
507 3358 73 18 sévères
589 3358 12 15 à
609 3358 35 16 Vin

140 3388 90 17 certitude
246 3387 84 20 présente
345 3388 20 14 et
379 3386 37 19 qui,
432 3384 63 17 tandis
511 3387 35 15 que
561 3383 92 17 certaines

139 3412 96 17 minorités
247 3411 93 20 s'agitent,
352 3409 85 17 réfléchit
448 3412 23 13 en
482 3408 74 18 silence,
569 3407 43 18 Juge
623 3410 30 13 ses

139 3436 128 17 mandataires
280 3436 20 16 et
313 3438 56 13 saura
383 3433 117 17 reconnaître
514 3434 46 14 ceux
574 3432 31 18 qui
619 3434 24 13 au

139 3462 44 16 ront
196 3460 65 20 rempli
274 3463 45 14 avec
331 3458 174 18 désintéressement
518 3457 20 16 et
551 3459 44 13 avec
609 3459 34 13 cou

139 3489 44 16 rage
196 3485 40 17 leur
249 3484 62 17 devoir
323 3487 66 13 envers
400 3483 33 16 lui.
446 3490 24 5 —
480 3483 9 9 r
482 3495 9 4 .
489 3482 9 10 r

321 3527 35 20 LE
368 3525 96 21 DEBAT

160 3564 30 22 Le
205 3564 73 23 débat,
291 3562 66 25 après
368 3563 59 20 cette
442 3561 91 23 lecture,
544 3560 53 23 s'est
610 3564 30 16 ou-

136 3592 48 19 vert
196 3589 58 22 dans
264 3588 20 21 le
298 3587 50 25 plus
362 3587 72 23 grand
448 3586 78 20 calme.

161 3614 35 20 On
218 3612 73 22 savait
313 3611 53 24 déjà
387 3615 43 20 que
453 3610 25 20 la
498 3610 93 24 plupart
612 3610 40 19 des

137 3637 90 26 députés
241 3637 85 20 étaient
340 3635 88 21 décidés
442 3635 15 20 à
469 3635 63 20 voter
545 3634 15 19 à
571 3633 81 24 l'appel

137 3663 30 21 du
189 3662 172 23 gouvernement
382 3660 31 22 et,
435 3663 57 20 pour
515 3662 84 19 gagner
621 3657 30 20 du

137 3687 77 24 temps,
229 3686 21 20 le
265 3685 77 21 renvoi
360 3684 40 20 des
416 3682 180 25 interpellations
614 3682 38 23 qui

138 3711 86 21 suivent
240 3709 131 22 d'ordinaire
389 3709 22 20 la
428 3708 84 20 lecture
529 3707 28 21 de
571 3706 24 22 la
611 3706 28 20 dé-

138 3735 106 20 claration
256 3732 214 26 gouvernementale.

163 3760 36 19 On
216 3759 43 21 sait
276 3758 60 20 aussi
353 3762 43 19 que
414 3757 24 20 la
455 3760 93 20 presque
567 3757 73 18 unani-

139 3783 53 22 mité
206 3783 26 21 de
246 3783 23 21 la
282 3782 111 21 Chambre
407 3781 56 20 était
479 3780 101 20 d'accord
595 3784 56 19 pour

139 3808 99 24 accepter
253 3807 23 21 la
296 3806 120 25 procédure
439 3805 117 23 d'urgence
578 3804 61 24 appli-

137 3832 54 24 quée
205 3832 15 21 à
234 3832 22 20 la
269 3831 123 21 discussion
405 3830 38 21 des
458 3829 86 25 projets
559 3828 92 25 déposés

137 3861 42 20 par
194 3856 20 21 le
231 3856 94 21 cabinet.

161 3885 69 25 Après
247 3886 62 20 avoir
326 3884 95 23 terminé
436 3884 24 21 la
477 3883 85 21 lecture
580 3883 29 21 de
627 3883 24 20 la

137 3910 134 21 déclaration
291 3909 151 21 ministérielle
459 3909 39 24 qui
518 3914 15 15 a
551 3908 37 20 été
608 3912 30 20 ap-

137 3935 87 24 plaudie
247 3934 88 21 surtout
359 3938 42 20 par
424 3933 33 21 les
480 3933 115 22 radicaux,
619 3933 31 19 M.

139 3960 132 22 Chautemps
294 3959 35 21 est
351 3957 102 21 remonté
474 3957 15 20 à
514 3957 23 21 la
560 3957 89 20 tribune

138 3987 54 20 pour
204 3983 125 22 demander,
339 3982 57 21 ainsi
408 3982 66 24 qu'on
486 3982 33 23 s'y
531 3981 120 23 attendait,

138 4007 21 21 le
172 4008 75 20 renvoi
261 4008 39 20 des
313 4011 55 17 onze
381 4006 177 24 interpellations
572 4010 40 16 sur
627 4005 22 21 la

137 4031 103 25 politique
260 4031 101 24 générale
382 4032 30 19 du
432 4030 174 24 gouvernement
625 4030 24 21 et

138 4059 28 17 sa
179 4056 148 24 composition.

167 4088 11 12 •
192 4083 89 23 L'usage
294 4083 107 24 voudrait,
414 4089 15 15 a
444 4083 84 25 précisé
540 4083 21 21 le
578 4083 58 24 prési-

143 4106 53 19 dent
212 4106 29 20 du
256 4108 91 23 Conseil,
363 4112 41 20 que
421 4113 36 15 ces
471 4108 179 24 interpellations

143 4129 86 20 fussent
248 4131 105 21 discutées
374 4132 196 24 immédiatement,
592 4132 57 20 mais

143 4157 57 16 nous
212 4158 93 18 sommes
315 4155 56 21 dans
384 4157 38 19 des
433 4157 164 19 circonstances
610 4160 26 18 ex-

143 4177 164 24 ceptionnelles;
327 4179 52 21 c'est
392 4181 105 24 pourquoi
515 4181 22 20 le
556 4185 81 19 gouver-

143 4202 93 19 nement
255 4201 106 23 demande
379 4208 40 20 que
438 4205 22 20 la
480 4204 121 21 discussion
620 4209 29 15 ne

140 4226 81 21 vienne
232 4226 99 24 qu'après
340 4229 21 19 le
369 4229 49 20 vote
428 4229 38 21 des
476 4230 84 23 projets
570 4230 65 20 finan-

140 4251 57 20 ciers
214 4255 56 19 pour
283 4250 91 25 lesquels
390 4253 16 19 il
421 4253 93 22 réclame
532 4254 25 25 ty
570 4254 66 25 procé-

140 4275 55 21 dure
208 4274 118 22 d'extrême
340 4279 98 20 urgence.

165 4304 62 21 Nous
238 4308 103 21 pensons,
352 4310 29 16 en
392 4305 62 23 effet,
464 4307 51 24 qu'il
525 4308 37 24 n'y
574 4314 14 15 a
599 4309 49 21 rien

141 4328 28 22 de
185 4329 50 24 plus
251 4329 103 23 pressant
369 4332 55 20 pour
438 4330 32 21 les
481 4331 111 23 ministres
607 4338 41 19 que

141 4353 28 21 de
185 4357 25 17 se
226 4353 80 20 rendre
320 4353 83 21 devant
418 4353 23 21 la
456 4356 137 21 commission
609 4358 39 20 des

141 4377 108 21 finances.

165 4402 20 20 A
201 4402 83 20 l'heure
301 4400 30 21 où
347 4400 21 21 le
385 4401 81 23 régime
482 4403 167 23 parlementaire

141 4430 125 17 commence
283 4426 15 20 à
313 4426 47 20 être
376 4425 94 24 attaqué
487 4431 28 16 au
532 4427 85 25 dehors,
633 4430 17 20 il

141 4451 68 20 serait
223 4451 94 20 fâcheux
330 4455 42 19 que
384 4454 57 16 nous
451 4450 107 24 puissions
569 4457 28 16 ne
610 4458 40 19 pas

141 4476 50 20 tout
200 4475 101 20 sacrifier
313 4479 29 16 au
351 4473 177 22 rétablissement
538 4476 26 20 de
575 4476 64 26 l'équi-

142 4498 53 20 libre
212 4499 135 23 budgétaire.

167 4522 29 20 Le
208 4524 173 22 gouvernement
392 4527 29 16 ne
433 4523 54 23 peut
499 4522 114 25 d'ailleurs,
623 4530 28 16 au

143 4546 71 20 moins
240 4547 101 24 pendant
369 4546 105 24 quelques
501 4547 68 24 Jours,
593 4550 59 19 avoir

143 4568 84 23 d'autre
248 4575 146 20 programme.
417 4570 20 21 Il
458 4576 52 15 sera
530 4572 86 21 ensuite
638 4573 15 20 à

144 4592 96 23 l'entière
252 4594 130 25 disposition
394 4594 40 20 des
447 4594 116 23 Interpella
565 4595 65 21 teurs.
642 4605 9 8 »

166 4619 55 21 Cela
233 4619 40 23 dit,
287 4620 21 20 le
323 4619 115 25 président
448 4619 32 21 du
494 4619 88 20 Conseil
595 4624 58 20 pose,

141 4646 39 17 sur
192 4644 19 19 le
223 4644 82 22 renvoi,
314 4644 23 20 la
349 4643 102 25 question
463 4643 27 21 de
503 4643 115 21 confiance
629 4647 25 19 et

144 4665 75 24 ajoute
239 4671 7 16 :
267 4675 9 9 a
295 4667 60 21 c'est
369 4667 62 20 votre
448 4666 169 24 responsabilité
632 4669 24 18 et

142 4693 47 17 non
202 4690 54 21 celle
271 4691 30 20 du
317 4691 174 24 gouvernement
505 4690 39 25 qui
555 4694 25 16 se
592 4691 50 20 trou-

144 4717 53 16 vera
209 4715 103 23 engagée.
325 4723 9 10 •

166 4737 42 21 Les
223 4739 105 20 radicaux
339 4741 25 20 et
379 4744 44 17 une
439 4739 73 25 partie
528 4740 40 20 des
582 4742 60 18 socia-

143 4760 61 23 listes
216 4763 171 24 applaudissent,
400 4765 56 20 mais
469 4764 32 20 M.
513 4764 89 21 Nicoile,
616 4764 27 21 dé-

143 4785 54 23 puté
211 4785 160 24 réactionnaire
389 4789 27 21 de
433 4788 62 23 Lille,
508 4789 99 23 s'oppose
625 4793 29 16 au

143 4810 76 19 renvoi
231 4812 23 18 et
266 4811 68 20 essaie
347 4812 135 23 vainement,
493 4817 30 15 au
535 4812 77 20 milieu
625 4812 29 20 du

143 4832 67 23 bruit,
225 4833 27 20 de
268 4833 97 23 justifier
375 4840 42 16 son
433 4836 185 23 intransigeance.

167 4857 30 21 Le
212 4857 103 23 royaliste
329 4859 82 20 Xavier
424 4860 75 20 Vallat
512 4860 33 20 lui
556 4859 98 22 succède,

141 4881 22 21 II
177 4881 99 24 rappelle
290 4882 23 20 la
329 4882 65 20 chute
411 4884 30 19 du
455 4884 95 23 premier
566 4884 89 21 cabinet

142 4905 145 24 Chautemps,
299 4905 20 22 le
331 4906 25 20 35
368 4906 81 22 février
461 4908 55 23 1930,
527 4910 24 19 et
562 4908 93 21 l'accuse

141 4930 85 21 d'avoir
235 4929 71 21 choisi
318 4930 22 21 la
351 4929 52 22 date
412 4931 30 20 du
453 4931 13 19 2
476 4931 114 22 décembre
600 4936 56 20 pour

141 4954 58 21 faire
216 4958 33 17 un
266 4954 61 23 geste
344 4953 128 24 llberticide,
488 4960 46 17 car,
550 4960 57 23 pour
624 4957 30 18 M.

141 4978 81 23 Vallat,
240 4977 127 25 supprimer
386 4978 21 21 le
427 4979 59 21 droit
504 4979 138 25 d'interpella-

141 5002 55 24 tion,
211 5003 65 23 c'est,
283 5002 27 21 de
324 5002 134 21 l'autorisme
472 5003 158 25 bonapartiste.

165 5027 114 20 L'orateur
290 5032 30 16 ne
332 5026 51 23 fait,
392 5031 30 17 en
434 5026 64 23 effet,
511 5032 85 16 aucune
608 5028 35 20 dif-

141 5050 87 23 férence
248 5052 64 20 entre
333 5051 158 24 ajournement
509 5052 25 20 et
551 5056 91 20 suppres-

141 5075 55 21 sion.

166 5100 19 20 n
197 5100 100 22 s'étonne
311 5100 65 20 enfin
388 5104 41 20 que
440 5099 45 21 l'on
499 5099 78 22 veuille
590 5100 51 21 obte-

142 5124 35 21 nir
194 5124 16 21 à
228 5124 99 22 l'avance
347 5129 44 16 une
406 5125 61 19 sorte
486 5123 168 25 d'approbation

143 5152 27 16 en
185 5149 78 21 faveur
278 5148 53 21 d'un
348 5148 75 25 projet
439 5148 111 20 financier
565 5153 42 19 que
623 5149 31 20 M.

144 5172 132 26 Chautemps
289 5178 28 16 ne
331 5172 144 21 reconnaîtra
488 5173 167 24 probablement

145 5195 48 23 plus
204 5197 94 25 lorsqu'il
311 5197 118 21 reviendra
440 5197 27 20 de
479 5198 23 20 la
515 5197 138 21 commission

145 5219 38 21 des
194 5221 106 22 finances.

169 5243 29 22 Le
211 5247 45 20 seul
271 5247 118 22 argument
404 5249 42 20 que
461 5245 73 24 puisse
550 5245 104 24 invoquer

145 5267 30 20 M.
192 5269 139 25 Chautemps,
349 5270 54 21 c'est
421 5274 42 19 que
480 5274 42 16 son
541 5269 112 21 ministère

145 5292 35 20 est
195 5292 67 23 formé
277 5295 36 20 d'à
327 5299 43 20 peu
385 5293 54 25 près
458 5294 32 21 les
508 5293 83 22 mêmes
609 5294 33 21 élé-

147 5318 70 19 ments
230 5322 39 20 que
287 5320 31 20 les
336 5318 137 24 précédents.
491 5318 65 23 C'est,
573 5318 34 21 dit
623 5319 32 20 M.

147 5339 76 25 yallat,
235 5342 19 22 le
268 5342 113 23 ministère
393 5344 28 20 de
434 5343 25 20 la
471 5342 181 25 métempsycose!

687 607 113 20 L'orateur
816 609 46 20 met
877 614 28 15 en
923 614 66 16 cause
1006 611 30 20 M.
1053 612 117 26 Ravnaldy

663 633 19 19 le
703 636 100 15 nouveau
820 633 101 20 ministre
939 635 26 19 de
986 635 22 20 la
1028 636 92 23 Justice,
1138 640 38 22 qui

664 656 78 20 aurait,
761 656 14 19 à
795 656 22 20 la
838 657 34 19 fin
889 657 27 20 dc
938 659 54 21 1923,
1012 659 107 23 bénéficié
1138 663 39 20 des

665 680 116 21 libéralités
803 680 128 21 électorales
951 684 31 19 du
1002 684 107 22 sénateur
1130 688 47 18 Bil-

665 706 43 19 liet,
730 704 113 23 président
864 705 27 20 de
913 706 89 22 l'Union
1024 708 39 21 des
1085 710 92 21 Intérêts

666 730 34 18 >t;o
702 733 28 14 no
732 728 89 23 iniques.

689 752 29 21 M.
738 753 75 20 Vallat
831 754 121 21 considère,
968 757 57 19 dans
1043 763 37 15 ces
1100 761 65 18 condi-

664 778 64 19 tions,
749 782 85 15 comme
857 778 150 23 inadmissible
1030 782 22 19 la
1074 783 103 23 présence

663 802 138 21 simultanée,
823 807 29 15 au
874 803 57 19 banc
953 805 38 19 des
1013 806 118 22 ministres,
1151 809 27 19 dc

664 826 53 19 MM.
735 825 117 24 Ravnaldy
867 828 24 19 et
907 827 127 24 Patenotre,
1047 831 57 20 mais
1116 832 17 19 il
1150 837 28 15 ne

664 851 50 22 Juge
730 854 41 19 pas
786 850 54 21 utile
854 850 112 22 d'éclairer
980 858 40 15 sur
1034 859 25 16 ce
1075 856 63 23 point
1152 861 25 15 sa

664 875 107 19 lanterne.

714 899 54 20 Vive
782 899 21 20 le
817 899 33 20 roi
860 900 6 18 !
881 908 9 8 »
903 900 109 23 crie-t-on
1026 902 14 20 à
1054 902 123 22 l'extrême-

664 922 90 25 gauche.

689 949 28 19 Le
732 947 76 20 renvoi
824 948 32 20 est
872 948 124 23 également
1012 952 113 20 combattu
1138 957 41 19 par

666 972 29 19 M.
713 970 106 20 Thibault
840 972 100 19 iSarthe»
957 974 24 19 et
996 978 41 19 par
1054 976 31 19 M.
1102 976 76 19 Louis-

665 996 73 20 Marin
757 1001 6 14 :
783 1004 9 8 «
810 997 25 18 SI
850 1001 54 16 vous
920 1003 28 15 ne
965 999 76 19 voulez
1056 1004 42 19 pas
1113 1001 65 23 qu'on

664 1022 90 22 attaque
776 1020 21 21 le
818 1021 134 22 Parlement,
977 1023 33 20 dit
1035 1029 24 15 ce
1085 1024 94 23 dernier,

664 1049 138 16 commencez
813 1049 42 19 par
866 1047 112 21 respecter
989 1047 20 20 le
1021 1047 131 23 règlement!
1169 1056 8 10 ■

690 1069 31 19 AL
743 1068 99 22 Korgeot,
863 1069 81 24 député
966 1070 27 19 dr
1014 1070 22 20 la
1059 1072 86 20 Marne,
1166 1076 14 15 a

677 1092 88 21 onstaté
791 1097 42 19 que
858 1093 21 19 le
906 1096 174 20 gouvernement
1103 1097 76 19 venait

665 1121 15 16 d
686 1117 108 23 esquisser
808 1121 32 15 un
852 1119 60 21 geste
927 1118 125 21 d'autorité.
1064 1128 9 8 «
1089 1120 20 19 Il
1124 1120 57 23 faut,

666 1141 66 22 dit-il,
749 1141 70 19 éviter
837 1142 61 19 toute
916 1142 126 24 équivoque.
1060 1151 10 9 »

691 1166 29 19 M.
739 1166 93 22 Forgeot
851 1167 158 22 approuverait
1028 1167 22 20 la
1070 1169 97 19 constitu-

666 1191 47 19 tion
725 1189 52 20 d'un
792 1192 174 20 gouvernement
978 1192 102 23 cemposé
1095 1193 27 19 de
1137 1197 42 19 peu

666 1215 26 20 de
706 1214 118 22 ministres,
841 1215 107 22 auxquels
962 1216 98 20 seraient
1077 1217 103 19 accordés

667 1239 31 20 les
716 1238 71 24 pleins
807 1238 109 22 pouvoirs.
938 1248 9 8 »
969 1240 45 19 Par
1033 1241 105 23 exemple,
1158 1242 22 21 je

667 1263 45 19 vois
738 1262 45 19 très
806 1262 52 19 bien
884 1267 32 16 un
939 1264 114 20 ministère
1081 1270 53 15 avec
1160 1262 20 24 le

667 1286 125 21 triumvirat
808 1291 5 15 :
827 1287 96 22 Herriot,
934 1288 103 23 Tardieu,
1050 1286 108 23 Caillaux.
1170 1298 8 8 »

691 1310 120 20 L'extrême
813 1311 97 23 -gauche
930 1316 28 15 ne
978 1313 65 22 goûte
1064 1317 40 19 pas
1123 1315 58 18 cette

667 1335 141 24 proposition,
823 1339 38 15 car
876 1336 42 20 elle
932 1338 104 21 proteste.

691 1359 30 19 Aï.
734 1358 60 20 Léon
806 1359 73 22 Blum,
893 1362 97 21 prenant
1003 1361 86 20 ensuite
1104 1362 22 19 la
1140 1366 28 19 pa-

667 1384 50 20 role,
732 1383 73 20 refuse
823 1383 27 21 de
867 1384 115 23 s'engager
995 1390 39 15 sur
1051 1390 24 16 ce
1091 1386 90 19 terrain.

693 1416 8 8 «
717 1407 29 20 Le
758 1412 83 19 groupe
855 1408 22 21 S.
890 1409 25 19 P.
929 1410 18 19 I.
960 1410 26 19 O.
1000 1411 75 18 votera
1089 1409 80 23 aujour-

667 1432 60 20 d'hui
737 1436 53 15 avec
801 1432 21 19 le
831 1434 180 21 gouvernement,
1021 1438 39 15 sur
1072 1434 38 19 des
1118 1437 50 16 scru-

667 1456 45 20 tins
725 1456 27 19 de
765 1456 127 23 procédure,
906 1462 29 14 en
949 1457 115 20 réservant
1078 1462 41 15 son
1133 1458 37 23 opi-

667 1480 53 19 nion
731 1484 38 15 sur
782 1480 19 21 le
813 1481 55 19 fond
882 1481 38 19 des
934 1482 84 22 projets
1029 1482 128 19 financiers.

691 1504 58 21 Puis.
765 1505 31 19 AI.
810 1505 222 20 Franklin-Bouillon
1049 1506 94 21 réclame
1160 1506 21 19 la

666 1529 147 19 constitution
832 1529 53 19 d'un
901 1531 173 22 gouvernement
1092 1530 90 20 d'union

667 1553 121 20 nationale.
803 1553 42 19 Les
862 1554 112 19 ministres
992 1554 85 20 actuels
1093 1555 59 21 sont,
1169 1555 13 17 â

667 1581 41 16 son
719 1577 53 23 avis,
786 1582 54 15 ceux
853 1577 28 21 de
893 1578 94 19 l'ancien
999 1579 181 22 gouvernement;

668 1601 27 21 ils
713 1606 28 15 ne
760 1601 145 20 ramèneront
920 1606 40 19 pas
979 1602 22 19 la
1021 1602 123 20 confiance.
1164 1603 18 18 Il

669 1626 50 20 faut
738 1626 56 20 faire
814 1630 44 16 une
877 1626 59 20 vraie
955 1626 105 23 politique
1078 1626 26 20 de
1123 1626 60 20 salut

668 1650 81 24 public.

693 1675 31 19 Aï.
740 1675 137 23 Chautemps
897 1675 122 23 (président
1033 1675 29 20 du
1077 1675 107 20 Conseil).

690 1709 5 5 •
712 1699 58 20 C'est
789 1703 52 16 mon
860 1699 53 19 avis.
932 1700 60 19 C'est
1007 1700 107 23 pourquoi
1132 1699 40 24 j'es-

669 1723 51 24 père
743 1728 41 19 que
808 1724 21 19 la
850 1723 110 22 Chambre
984 1724 76 19 votera
1081 1724 33 20 les
1132 1728 40 19 pro-

670 1748 43 23 jets
727 1748 129 19 financiers.
870 1748 43 19 J'ai
928 1748 53 23 déjà
992 1748 62 20 tenté
1069 1752 32 16 un
1115 1748 69 20 effort

670 1772 90 20 d'union
782 1773 23 19 et
825 1772 22 23 je
865 1772 44 19 fais
929 1776 79 16 encore
1030 1772 65 24 appel
1113 1772 15 21 à
1149 1773 36 19 cet

671 1797 68 24 esprit
754 1796 57 20 dans
826 1796 97 20 l'intérêt
938 1797 80 23 public.

788 1826 96 20 LARGE
904 1827 163 20 CONFIANCE

695 1856 30 21 Le
741 1856 76 20 renvoi
835 1855 39 21 des
893 1856 184 23 interpellations,
1095 1861 39 15 sur
1152 1857 21 20 le-

672 1881 50 23 quel
736 1881 32 19 M.
786 1881 138 23 Chautemps
942 1886 15 14 a
975 1881 52 23 posé
1043 1881 23 19 la
1084 1881 101 23 question

673 1905 27 20 de
712 1905 124 22 confiance,
850 1905 35 19 f-st
898 1904 50 20 voté
962 1909 42 19 par
1017 1905 37 20 391
1069 1905 51 20 voix
1132 1910 42 15 con-

673 1930 34 20 tre
722 1929 29 21 19.

697 1954 32 19 La
745 1953 120 24 procédure
882 1953 119 20 d'extrême
1019 1958 95 19 urgence
1131 1958 55 20 pour

674 1978 23 20 la
721 1978 122 20 discussion
867 1978 130 22 financière,
1017 1978 107 21 réclamée
1145 1982 40 20 par

673 2002 31 20 M.
719 2003 144 23 Chautemps,
877 2002 35 20 est
925 2006 79 18 encore
1018 2002 63 21 votée
1096 2006 41 20 par
1149 2003 37 19 569

675 2026 49 20 voix
735 2027 76 20 contre
824 2027 30 19 11.

698 2051 32 20 La
747 2050 104 24 majorité
866 2050 122 21 nécessaire
1005 2051 38 19 des
1060 2051 57 20 deux
1133 2050 54 21 tiers

674 2076 35 19 est
723 2075 57 20 donc
798 2075 123 23 largement
936 2075 102 20 atteinte.

700 2099 58 21 Mais
774 2103 26 16 ce
817 2099 51 22 jour
884 2103 29 16 ne
930 2100 46 19 voit
993 2103 85 17 aucune
1096 2099 90 20 bataille

673 2123 103 20 sérieuse.

699 2148 30 19 Le
749 2147 67 21 débat
831 2152 29 15 en
879 2148 79 19 séance
978 2148 102 24 publique
1099 2148 75 23 s'enga-

675 2176 53 19 gera
743 2172 14 19 à
774 2172 61 23 fond,
852 2172 61 23 jeudi
927 2172 114 24 prochain.

699 2201 35 20 LE
752 2202 109 19 PROJET
878 2202 39 19 DE
934 2202 229 20 REDRESSEMENT

699 2230 45 20 Dès
762 2230 58 20 cette
837 2230 56 23 nuit,
907 2230 23 20 la
946 2231 141 20 commission
1102 2232 40 20 des
1157 2232 18 19 fi-

674 2258 83 15 nances
773 2254 27 20 de
813 2254 23 20 la
851 2255 111 19 Chambre
978 2260 13 14 a
1007 2256 126 20 commencé
1148 2256 27 20 l'é-

675 2278 52 20 tude
746 2278 30 20 du
794 2278 74 24 projet
885 2279 26 19 de
929 2279 162 20 redressement
1110 2280 65 20 finan

674 2301 52 21 cler.

698 2325 104 24 L'exposé
818 2326 38 20 des
872 2327 77 20 motifs
963 2327 86 21 résume
1062 2328 33 19 les
1109 2332 66 16 carac

674 2349 59 20 tères
747 2350 115 20 essentiels
877 2351 30 19 du
924 2352 79 22 projet.
1021 2352 19 19 Il
1057 2356 91 19 marque
1165 2353 22 19 la

674 2373 88 21 volonté
797 2374 113 21 inflexible
947 2375 126 24 d'équilibre
1092 2376 94 23 intégral

673 2401 41 19 par
729 2398 39 20 des
793 2398 130 21 économies.
936 2400 42 19 Les
1006 2404 97 15 mesures
1119 2401 69 22 prises

672 2423 149 22 permettront
836 2423 229 20 vraisemblablement
1080 2424 108 20 d'obtenir

674 2445 57 20 deux
752 2446 115 23 milliards,
888 2447 72 23 parmi
978 2447 114 23 lesquelles
1111 2448 23 19 la
1151 2448 24 19 ré-

673 2470 72 20 forme
775 2470 178 21 administrative
983 2472 139 23 procurerait
1150 2473 38 19 300

674 2494 102 22 millions,
791 2499 32 15 un
837 2494 150 24 prélèvement
1001 2496 132 22 temporaire
1149 2500 38 15 sur

674 2518 31 20 les
733 2519 141 21 traitements
891 2519 39 19 des
956 2519 175 20 fonctionnaires
1146 2524 40 15 au-

674 2543 76 19 dessus
769 2543 28 20 de
820 2543 67 22 12,000
909 2543 77 19 francs
1009 2543 119 20 donnerait
1150 2544 37 19 275

674 2567 102 19 millions.

698 2591 30 19 Le
753 2591 164 19 renforcement
942 2591 30 19 du
999 2591 97 22 contrôle
1122 2591 64 20 fiscal

673 2619 118 19 procurera
807 2619 32 15 un
852 2615 103 19 milliard.

697 2639 20 19 A
729 2639 36 19 cet
778 2639 64 19 effet,
857 2638 31 19 les
903 2638 178 20 établissements
1096 2639 27 20 de
1138 2639 37 20 cré-

673 2662 34 20 dit
724 2662 93 20 devront
834 2662 100 19 adresser
964 2667 29 15 au
1011 2662 42 20 fisc
1068 2667 32 15 un
1115 2663 71 19 relevé

673 2686 39 20 des
727 2690 97 19 coupons
839 2686 68 23 payés
922 2690 41 18 par
978 2691 43 15 eux
1036 2687 23 19 et
1071 2686 32 20 les
1119 2686 55 20 béné-

673 2710 96 19 ficiaires
783 2710 27 19 de
823 2714 37 15 ces
875 2714 97 19 coupons
988 2710 138 20 déclineront
1138 2710 48 20 leur

674 2733 98 20 Identité.

695 2758 79 19 Divers
790 2757 181 23 aménagements
988 2758 86 19 fiscaux
1088 2758 86 19 fournis-

671 2782 50 19 sent
736 2782 56 18 1.480
804 2781 104 22 millions,
920 2781 56 20 dont
988 2786 31 15 un
1035 2781 97 21 milliard
1147 2786 39 15 sur

672 2805 22 20 la
708 2805 96 20 revision
820 2805 27 21 de
862 2807 97 18 certains
974 2806 173 22 dégrèvements,
1161 2806 25 19 70

672 2829 97 20 millions
781 2833 42 19 par
839 2829 39 22 des
894 2830 63 19 taxes
972 2834 41 15 sur
1028 2830 98 20 certains
1139 2830 35 23 spi-

672 2853 87 20 ritueux
770 2854 25 19 et
805 2853 38 20 225
858 2853 96 20 millions
967 2856 42 21 par
1022 2858 45 16 une
1081 2854 51 20 taxe
1146 2858 40 16 sur

673 2877 31 20 les
718 2877 95 20 licences
825 2877 174 24 d'Importation.

695 2901 42 20 Les
767 2905 125 16 ressources
927 2902 186 23 exceptionnelles
1134 2903 53 19 sorrt

674 2925 100 20 évaluées
789 2926 16 20 à
820 2926 56 22 1,528
893 2925 103 24 millions,
1011 2926 56 20 dont
1079 2926 39 20 700
1134 2926 52 20 mil-

673 2949 58 20 Mons
748 2953 42 19 par
808 2950 23 19 la
850 2949 83 23 loteiie,
949 2950 38 20 628
1006 2954 41 19 par
1064 2950 24 20 la
1106 2950 80 24 frappe

674 2974 26 20 de
711 2974 116 19 monnaies
840 2974 102 23 d'argent
952 2974 24 20 et
988 2974 26 20 de
1028 2974 80 24 nickel,
1120 2976 39 20 etc.

767 3003 51 21 LES
838 3003 253 21 FONCTIONNAIRES

821 3027 214 21 CONFIRMENT...

700 3057 109 22 Ajoutons
836 3061 43 19 que
894 3057 33 21 les
956 3057 176 21 fonctionnaires
1146 3058 41 20 ont

676 3081 107 20 "-onfirmé
800 3080 112 21 l'attitude
933 3081 59 23 prise
1009 3085 52 17 sous
1082 3082 33 20 les
1135 3083 52 22 pré-

674 3105 90 20 «•■édents
793 3105 124 20 ministères
933 3106 24 19 et
971 3110 24 15 se
1020 3106 53 19 sont
1089 3106 98 20 déclarés

673 3129 93 23 opposés
785 3129 15 20 à
820 3129 50 20 tout
889 3129 149 24 prélèvement
1058 3130 129 24 particulier

674 3158 39 15 sur
726 3153 32 20 les
771 3153 141 20 traitements
924 3154 39 21 des
977 3154 175 21 fonctionnaires
1163 3156 24 19 et

676 3179 77 22 agents
769 3178 27 20 de
809 3177 74 20 l'Etat.

1198 234 110 48 LES
1368 229 335 57 ÉLECTIONS

1253 304 89 46 AU
1345 305 40 46 X
1407 306 126 47 COR
1534 296 111 57 TÈS

1212 398 52 30 LES
1282 393 174 39 RÉSULTATS
1475 403 151 30 OFFICIELS
1645 403 43 30 DU

1232 443 134 32 PREMIER
1385 446 84 30 TOUR
1489 448 39 29 DE
1540 447 128 30 SCRUTIN

1196 512 34 30 LE
1250 510 157 34 DEUXIÈME
1425 516 85 30 TOUR
1534 517 86 29 AURA
1641 516 65 30 LIEU

1255 558 211 31 AUJOURD'HUI
1490 560 163 30 DIMANCHE

1225 620 94 22 Madrid,
1331 621 13 18 2
1357 621 120 21 décembre.
1490 632 25 3 —
1527 622 29 20 Le
1570 623 99 19 ministre
1683 622 26 20 de

1200 644 124 20 l'Intérieur
1343 650 14 15 a
1376 646 160 23 communiqué,
1555 651 24 16 ce
1600 647 77 22 matin,
1696 647 14 19 à

1201 669 10 18 i
1231 669 21 19 h.
1270 670 8 17 1
1294 669 18 21 2.
1331 670 30 19 les
1379 670 105 19 résultats
1500 671 30 19 du
1548 671 95 23 premier
1661 673 49 17 tour

1200 693 27 20 de
1240 695 85 18 scrutin
1338 694 39 20 des
1390 695 105 19 élections
1508 699 43 15 aux
1565 695 83 21 Cortès.

1225 717 56 20 Sont
1292 718 48 20 élus
1355 723 5 14 :

1225 742 25 18 78
1263 742 114 21 radicaux;

1228 767 22 18 14
1264 766 146 24 républicains
1423 769 175 21 conservateurs;

1238 791 12 18 5
1264 791 107 20 membres
1388 792 96 19 d'action
1500 792 157 22 républicaine;

1240 816 8 18 1
1263 815 214 21 radical-socialiste;

1237 840 12 17 2
1263 840 238 19 radicaux-socialistes
1520 840 171 23 indépendants;

1241 864 7 18 1
1265 863 95 22 membre
1374 865 26 19 de
1414 864 56 20 l'Un.
1482 868 42 16 soc.
1536 865 112 22 catalane;

1240 889 8 18 1
1265 888 92 22 fédéral;

1226 913 25 17 23
1265 913 107 19 membres
1387 914 25 19 de
1427 912 22 22 la
1463 913 84 24 gauche
1560 913 112 23 catalane;

1226 937 25 18 27
1265 938 108 19 membres
1388 938 26 20 de
1431 938 20 19 la
1467 938 66 21 Ligue
1548 938 111 22 catalane;

1239 961 12 19 6
1264 962 147 22 républicains
1424 963 27 19 de
1464 961 86 23 Galice;

1239 986 12 18 9
1264 986 98 19 libéraux
1380 987 145 20 démocrates;

1241 1010 8 18 1
1264 1011 151 22 progressiste;

1228 1034 23 18 12
1264 1034 148 23 républicains
1430 1034 171 24 indépendants;

1226 1058 25 19 27
1263 1059 131 21 socialistes;

1227 1082 24 19 67
1265 1083 91 23 députés
1373 1084 96 19 d'action
1485 1083 122 24 populaire;

1227 1106 25 19 80
1265 1112 122 18 agrandis;

1228 1131 22 19 11
1264 1132 155 19 nationalistes
1435 1132 102 23 basques;

1228 1156 22 18 11
1266 1156 112 21 tradition,
1391 1160 24 16 et
1429 1156 169 22 monarchistes;

1238 1179 14 19 2
1264 1180 169 24 indépendants.

1203 1210 46 19 Soit
1262 1215 28 14 au
1303 1212 55 21 total
1371 1211 36 18 378
1415 1210 97 23 députés.
1519 1211 33 18 En
1559 1209 153 24 conséquence,

1228 1234 15 20 il
1255 1235 57 19 reste
1323 1235 14 19 à
1348 1235 53 20 élire
1411 1235 25 18 95
1447 1235 98 23 députés.
1555 1245 25 4 —
1591 1235 74 23 Belga.

729 3247 36 27 LA
789 3243 159 32 CROISIÈRE
971 3249 168 27 VUILLEMIN

698 3303 233 23 Fort-Arehambault.
945 3304 13 19 2
972 3303 122 20 décembre.
1107 3315 27 4 —
1145 3305 43 20 Les

674 3327 25 19 28
712 3327 111 23 appareils
841 3327 28 20 de
887 3327 104 21 l'escadre
1010 3327 120 21 VuiUemin
1147 3329 40 19 ont

673 3351 75 23 quitté
764 3351 233 23 Fort-Archambault,
1016 3357 24 15 ce
1061 3351 79 24 matin,
1172 3357 16 15 a

672 3375 13 19 6
698 3376 88 21 heures,
797 3374 15 20 à
825 3375 137 20 destination
976 3376 28 20 de
1017 3376 95 23 Bangui,
1123 3376 64 25 point

672 3399 98 21 extrême
783 3399 28 20 de
821 3399 49 20 leur
880 3399 109 21 croisière.

697 3424 20 19 A
729 3423 12 19 7
753 3423 23 19 h.
787 3423 32 22 05,
830 3423 106 21 l'escadre
947 3423 78 21 faisait
1035 3424 74 20 savoir
1118 3425 56 24 qu'el-

672 3446 21 21 le
705 3447 109 20 survolait
825 3448 85 20 Bouka.

697 3472 20 19 A
727 3471 13 20 7
752 3472 22 19 h.
789 3472 31 21 15,
831 3471 42 20 elle
886 3472 111 23 Indiquait
1006 3473 80 23 qu'une
1101 3481 9 9 «
1117 3473 62 20 cellu

673 3496 21 19 le
701 3503 10 10 »
725 3495 28 20 de
768 3495 56 20 trois
841 3496 78 20 avions
935 3495 78 21 blancs
1030 3496 75 21 s'était
1122 3497 64 24 posée

673 3519 164 20 normalement
865 3523 40 17 sur
917 3520 21 20 le
956 3520 85 22 terrain
1058 3521 27 20 de
1103 3521 84 23 Bouka,

672 3543 48 23 l'un
733 3544 40 20 des
790 3543 111 24 appareils
918 3546 131 21 composant
1066 3544 59 21 cette
1141 3545 38 21 cel

673 3567 43 20 Iule
730 3567 70 24 ayant
815 3567 30 21 dû
857 3572 24 16 se
897 3568 89 20 trouver
1000 3573 30 15 en
1044 3568 117 21 difficulté.

697 3593 20 19 A
731 3592 13 19 8
758 3592 23 20 h.
797 3591 30 25 14,
840 3591 106 21 l'escadre
958 3592 109 22 survolait
1081 3594 105 20 Damara.

672 3625 27 6 —
710 3616 82 20 Havas.

857 3641 20 20 A
888 3641 114 21 BANGUI

697 3671 86 22 Aoulef,
803 3670 12 20 2
836 3670 121 21 décembre.
977 3681 27 5 —
1023 3672 113 21 L'escadre
1156 3672 31 20 du

672 3695 89 23 général
776 3695 119 20 Vuillemin
912 3698 36 19 est
964 3695 85 22 arrivée
1064 3696 15 20 à
1092 3697 93 23 Bangui,

672 3720 14 20 à
704 3720 23 19 10
744 3720 86 20 heures.
847 3730 27 4 —
890 3720 81 21 Havas.

738 3790 37 27 LE
800 3790 55 27 BAL
880 3791 37 26 DE
941 3786 181 32 L'ACADÉMIE

795 3840 56 28 DES
877 3841 186 28 BEAUX-ARTS

697 3909 36 20 On
753 3913 29 16 ne
801 3912 83 20 pourra
903 3909 83 24 jamais
1004 3909 59 20 faire
1078 3909 108 24 reproche

672 3932 26 22 de
721 3932 106 25 passivité
847 3937 46 16 aux
915 3932 80 24 jeunes
1013 3933 123 23 dirigeants
1158 3935 28 19 de

669 3956 151 21 l'association
832 3957 40 20 des
886 3957 93 19 anciens
992 3956 71 23 élèves
1076 3957 28 20 de
1117 3958 57 19 l'aca-

671 3982 71 19 démie
760 3982 40 19 des
816 3982 89 19 Beaux-
906 3978 53 23 Arts
973 3981 27 20 de
1019 3981 121 21 Bruxelles.
1154 3982 33 20 Ds

670 4006 55 19 vont
740 4005 28 20 de
784 4006 85 20 l'avant
885 4009 53 17 avec
955 4005 84 20 audace
1056 4005 23 20 et
1091 4009 54 16 sans
1161 4010 24 15 se

668 4029 88 21 soucier
768 4030 40 19 des
819 4029 165 24 contingences.

694 4061 70 21 Leurs
778 4060 50 20 bals
844 4060 95 20 annuels
954 4059 168 21 rencontraient
1135 4061 51 23 trop

670 4085 27 20 de
716 4084 83 24 succès,
815 4089 30 15 vu
863 4084 112 23 l'exiguïté
995 4084 27 20 de
1042 4084 24 20 la
1080 4083 56 22 salle
1156 4084 29 21 où

669 4109 134 20 d'ordinaire
819 4108 27 22 ils
862 4108 105 20 convient
983 4108 60 20 leurs
1058 4108 58 21 amis
1135 4111 6 17 :
1158 4107 28 21 ils

670 4133 40 20 ont
730 4132 151 25 transporté...
903 4132 15 20 à
934 4132 24 20 la
976 4132 127 21 Madeleine
1128 4132 58 21 (rien

669 4161 41 21 que
724 4162 28 19 ça
761 4157 17 21 !)
795 4158 20 20 le
826 4156 89 21 théâtre
929 4157 28 20 de
970 4156 60 21 leurs
1041 4156 71 22 ébats.

694 4181 29 20 Et
742 4181 21 20 le
783 4180 74 25 public
876 4181 33 20 les
928 4185 15 15 a
962 4181 75 23 suivis,
1057 4181 24 19 et
1099 4180 87 21 samedi

668 4205 46 21 soir
732 4205 77 21 c'était
826 4204 53 24 déjà
895 4209 92 20 presque
1006 4204 24 21 la
1048 4205 71 20 cohue
1129 4205 6 20 !
1152 4205 34 20 La

668 4229 62 23 salle,
743 4234 42 19 par
795 4229 34 20 les
840 4229 61 21 soins
910 4229 28 20 de
952 4233 41 16 nos
1005 4230 79 23 Jeunes
1095 4228 91 21 artistes

669 4253 152 21 dessinateurs
835 4254 24 19 et
874 4253 105 25 peintres,
995 4253 61 21 avait
1068 4252 36 21 été
1118 4252 55 25 préa-

669 4278 122 20 lablement
805 4277 62 21 toute
879 4277 148 23 regaillardle,
1041 4277 24 20 et
1077 4277 95 20 franche-

669 4302 64 20 ment
744 4303 21 20 le
781 4306 57 19 coup
854 4298 60 24 d'oeil
929 4301 57 21 était
1002 4300 142 25 réjouissant.

694 4333 30 20 M.
738 4333 61 22 Max,
816 4331 114 25 président
947 4332 126 19 d'honneur
1088 4332 27 20 de
1132 4331 41 20 l'as-

669 4357 115 23 sociation,
805 4356 50 20 vint
876 4360 30 16 en
927 4359 109 21 personne
1057 4356 76 19 saluer
1153 4356 33 20 les

669 4381 110 20 membres
792 4380 32 20 du
836 4379 88 23 comité,
940 4381 72 23 parmi
1028 4378 95 25 lesquels
1128 4382 58 17 nou?.

670 4405 102 22 citerons,
793 4405 31 19 M.
845 4405 33 19 De
901 4405 68 20 Hens,
990 4403 121 25 président.
1128 4405 57 19 Paul

669 4429 113 23 Frognier,
806 4428 47 20 vice
855 4428 131 24 -président,
1011 4429 25 18 A.
1062 4428 123 21 Hofmann,

669 4453 124 23 secrétaire.
814 4453 82 20 Ernest
911 4452 81 23 Fucke,
1011 4452 119 20 secrétaire
1132 4452 40 20 -ad-

670 4477 63 23 joint.
747 4478 94 23 Jacques
855 4477 73 22 Coets,
942 4475 110 25 trésorier,
1065 4476 43 20 etc.

695 4506 112 21 Plusieurs
826 4506 144 24 professeurs,
986 4506 25 20 et
1037 4505 147 23 notamment,

671 4530 54 20 MM.
734 4531 51 20 Van
796 4531 79 23 HaJen,
887 4531 134 24 Rosenberg,
1033 4529 97 23 Matton,
1142 4531 43 22 etc,

672 4553 84 21 étaient
771 4555 96 24 présent.

694 4584 31 20 Le
740 4592 10 9 "
765 4585 154 23 Mickeys'club
933 4585 115 20 orchestra
1063 4592 18 14 »,
1095 4584 21 21 le
1130 4586 42 19 fan-

672 4607 84 21 taisiste
766 4609 87 20 Franck
865 4609 59 22 Mils,
936 4610 25 20 et
972 4610 20 19 le
1005 4609 98 20 danseur
1114 4608 57 20 Clau-

673 4631 27 20 de
716 4632 88 22 Robert,
822 4634 80 20 eurent
917 4633 31 21 les
968 4633 215 24 applaudissements

673 4655 63 23 qu'ils
750 4656 133 21 méritaient.
897 4658 29 19 Et
942 4657 20 20 le
978 4657 37 21 bal
1032 4656 46 21 très
1095 4656 89 23 élégant

674 4679 23 19 et
714 4679 45 20 très
773 4680 78 23 jeunes
867 4681 66 23 aussi,
950 4686 25 15 se
993 4681 120 25 prolongea
1131 4681 52 20 bien

675 4702 56 21 tard.
746 4713 26 5 —
788 4704 28 20 G.

727 4772 40 27 UN
790 4773 168 28 AUDACIEUX
980 4776 155 27 ATTENTAT

699 4837 101 21 Malines.
815 4839 13 18 2
842 4838 119 22 décembre.
976 4851 26 5 —
1017 4842 63 20 Dans
1095 4841 21 20 le
1130 4845 41 16 cou-

676 4862 52 19 rant
743 4862 26 19 de
785 4862 22 19 la
824 4863 49 19 nuit
890 4863 104 25 dernière,
1011 4870 31 16 un
1060 4865 123 20 audacieux

676 4885 98 21 attentat
790 4890 14 15 a
817 4886 35 20 été
866 4888 89 20 commis
971 4889 14 20 à
1002 4890 102 20 Malines.

700 4908 54 21 Vers
771 4910 87 23 minuit,
876 4915 31 16 un
937 4913 105 25 individu,
1073 4914 70 23 ayant
1161 4913 23 21 la

676 4932 45 21 tête
730 4934 131 23 enveloppée
873 4935 27 20 de
912 4939 141 21 pansements
1066 4939 24 19 et
1103 4939 80 19 tenant

676 4956 82 21 devant
775 4957 22 20 la
825 4958 82 21 bouche
923 4964 30 16 un
983 4962 61 23 épais
1063 4961 120 23 mouchoir,

674 4980 74 21 s'était
764 4981 108 22 introduit
889 4988 41 19 par
947 4985 120 21 effraction
1086 4986 57 20 dans
1160 4986 23 20 la

675 5004 102 21 demeure
794 5005 39 22 des
847 5006 70 24 époux
933 5009 104 23 François
1053 5011 50 20 Van
1121 5011 61 20 Rou-

675 5032 50 20 pay,
746 5029 105 21 habitant
869 5036 38 15 rue
927 5032 38 21 des
988 5034 72 24 Porcs,
1083 5034 56 21 dont
1162 5035 20 20 le

675 5053 63 23 mari,
755 5057 33 16 un
805 5055 66 22 agent
888 5055 27 21 de
933 5057 75 24 police,
1024 5058 57 21 était
1097 5059 86 20 absent.

699 5077 102 24 L'épouse
819 5079 49 19 Van
886 5080 98 24 Roupay.
1003 5083 37 23 qui
1061 5083 61 20 avait
1141 5087 29 16 en-

676 5101 69 20 tendu
758 5106 32 15 un
804 5102 59 20 bruit
878 5107 88 21 suspect
981 5106 56 20 dans
1052 5107 22 20 la
1092 5107 91 22 cuisine,

674 5129 24 16 se
710 5125 49 20 leva
772 5126 190 24 précipitamment
975 5132 23 19 et
1011 5131 121 20 descendit.

700 5149 88 22 Arrivée
803 5150 56 20 dans
874 5151 22 20 lu
908 5153 88 24 cuisine,
1011 5155 41 20 elle
1065 5160 23 15 se
1103 5156 79 19 trouva

675 5172 82 21 devant
770 5173 119 25 l'individu,
899 5176 37 24 qui
945 5177 96 25 s'élança
1053 5183 39 16 sur
1105 5179 41 21 elle
1160 5180 23 20 et

675 5198 63 19 tenta
752 5197 27 21 de
793 5198 21 19 la
827 5198 128 23 bâillonner.

699 5221 41 20 "Les
758 5222 77 23 appels
853 5222 26 21 de
898 5224 22 19 la
936 5226 92 23 victime,
1044 5228 37 24 qui
1099 5232 23 16 se
1143 5228 27 20 dé-

675 5245 73 20 fendit
766 5246 45 19 très
839 5246 183 28 énergiquement,
1054 5252 82 20 mirent
1154 5256 29 15 en

675 5269 55 21 fuite
744 5269 20 22 le
779 5270 133 25 malfaiteur,
926 5274 36 23 qui
978 5279 27 16 ne
1020 5276 41 22 put
1073 5276 49 20 rien
1134 5280 35 16 em-

675 5294 80 23 porter.

699 5317 37 21 On
749 5322 29 17 ne
793 5319 91 23 possède
897 5324 41 19 que
952 5326 42 20 peu
1011 5324 27 21 de
1054 5328 115 19 renseigne-

676 5342 72 20 ments
758 5346 39 17 sur
807 5342 134 25 l'agresseur.

1252 1299 81 26 MORT
1358 1299 91 26 DUNE
1473 1299 189 26 CENTENAIRE

1228 1367 90 21 Anvers,
1333 1366 12 19 2
1362 1366 120 20 décembre.
1498 1377 25 3 —
1538 1368 32 18 La
1586 1366 126 20 centenaire

1203 1389 111 23 d'Anvers.
1335 1391 60 19 Mme
1416 1394 68 15 veuve
1505 1390 74 20 André
1600 1391 113 22 Schreurs,

1203 1413 40 20 née
1262 1414 371 21 Catherine-Hubertine-Florence
1651 1416 62 18 Hau-

1204 1439 110 19 termann,
1328 1438 62 20 vient
1405 1439 27 19 de
1448 1438 82 19 mourir
1545 1439 57 19 dans
1614 1444 27 14 sa
1656 1439 44 20 mai-

1203 1465 47 17 son,
1263 1466 38 14 ruo
1316 1462 140 21 Montebello,
1471 1462 29 19 19.

1228 1485 32 19 La
1274 1485 93 21 défunte
1381 1485 56 21 était
1451 1485 41 21 née
1505 1486 20 20 le
1541 1487 23 18 12
1578 1487 73 23 juillet
1666 1488 46 19 1831

1203 1510 14 18 a
1235 1509 65 22 Liège
1317 1510 24 19 et
1359 1510 61 19 avait
1438 1511 56 19 donc
1514 1510 81 20 atteint
1613 1511 55 23 l'âge
1686 1512 27 20 de

1205 1533 35 19 102
1256 1537 41 16 ans
1311 1533 12 19 4
1337 1533 56 21 mois
1406 1535 24 19 et
1445 1535 23 18 19
1482 1535 67 23 jours.

1407 1597 37 27 LE
1458 1598 55 26 BAL

1232 1647 36 27 DU
1287 1646 245 29 CONSERVATOIRE
1549 1649 137 27 AFRICAIN

1229 1715 20 19 Il
1263 1714 67 20 suffit
1343 1720 41 19 que
1399 1716 20 19 le
1435 1716 167 20 Conservatoire
1615 1717 100 19 Africain

1205 1743 101 15 annonce
1325 1743 43 15 une
1386 1739 70 20 soirée
1476 1744 56 19 pour
1547 1745 41 19 que
1606 1741 20 20 le
1645 1741 70 20 Tout-

1205 1763 113 20 BriiM2llcs
1335 1763 95 24 éprouve
1448 1774 26 4 —
1489 1769 52 16 avec
1560 1765 75 20 raison
1652 1775 25 5 —
1695 1766 20 19 le

1205 1787 75 20 besoin
1295 1788 31 20 d'-*
1335 1792 30 15 en
1377 1787 46 20 être
1433 1796 16 12 >*.

1231 1812 52 19 Cela
1296 1814 34 17 est
1341 1811 30 20 dû
1384 1812 183 23 principalement
1579 1818 28 15 au
1621 1813 42 20 fait
1675 1818 41 19 que

1206 1835 32 20 les
1254 1836 63 23 galas
1333 1836 27 19 de
1378 1836 151 20 bienfaisance
1548 1838 30 19 du
1594 1838 110 20 Conserva-

1206 1860 54 19 toire
1275 1860 101 19 Africain
1389 1861 53 19 sont
1452 1860 170 24 régulièrement
1635 1862 27 19 de
1677 1866 27 19 pe-

1206 1884 39 19 tits
1261 1883 172 21 chefs-d'œuvre
1447 1885 27 19 de
1491 1885 99 23 réussite,
1606 1886 99 22 d'organi-

1206 1908 73 20 sation
1296 1908 23 20 et
1333 1908 133 23 d'élégance;
1485 1910 85 19 d'autre
1586 1911 52 23 part
1654 1910 51 20 l'œu-

1207 1936 37 15 vre
1263 1933 39 19 des
1323 1932 90 22 crèches
1433 1933 86 23 justifie
1541 1934 123 24 largement
1686 1934 32 19 les

1207 1956 117 20 unanimes
1349 1957 139 23 sympathies
1512 1958 56 19 dont
1591 1957 43 21 elle
1661 1958 57 23 jouit

1207 1980 56 20 dans
1282 1981 23 19 la
1323 1981 130 23 population
1472 1981 136 21 bruxelloise.

1230 2005 32 19 La
1277 2004 44 20 fête
1335 2005 110 20 dansante
1458 2005 27 20 de
1497 2006 86 19 samedi
1596 2006 51 21 soir,
1661 2006 45 19 mal-

1207 2030 37 23 gré
1260 2033 44 16 une
1321 2033 147 16 concurrence
1484 2030 79 21 serrée,
1578 2035 14 15 a
1608 2030 110 23 remporté

1206 2053 20 20 le
1238 2053 50 24 plus
1301 2054 165 22 encourageant
1481 2054 39 19 des
1533 2053 82 21 succès.

1231 2078 42 19 Les
1291 2078 165 22 organisateurs
1475 2078 90 20 avaient
1584 2082 28 16 eu
1632 2078 74 19 l'excel-

1207 2100 59 21 lente
1282 2101 48 20 idée
1347 2102 27 19 de
1392 2102 86 20 confier
1495 2107 44 14 aux
1558 2111 8 7 <•
1576 2101 124 24 Collegians
1708 2109 8 11 n

1208 2125 105 20 d'Anvers
1334 2126 24 19 et
1381 2126 15 19 à
1421 2134 9 8 «
1439 2126 87 23 Georgy
1551 2126 46 20 and
1621 2127 37 19 his
1678 2126 40 20 hot

1205 2153 72 16 saxes*
1289 2149 19 20 le
1314 2150 51 19 soin
1370 2149 28 20 de
1406 2149 55 20 faire
1476 2155 23 15 se
1515 2150 133 20 trémousser
1659 2150 47 20 l'élé-

1207 2174 66 23 gante
1288 2174 23 19 et
1326 2174 110 23 gracieuse
1450 2174 71 20 cohue
1536 2174 37 24 qui
1586 2179 24 17 se
1625 2174 93 23 pressait

1206 2202 38 16 sur
1256 2198 23 19 la
1290 2198 56 24 piste
1361 2198 53 20 d'un
1428 2198 71 23 grand
1513 2198 96 25 dancing
1624 2199 30 19 du
1665 2202 42 17 cen-

1207 2222 40 19 tre.
1258 2223 59 18 Pour
1330 2226 72 16 corser
1413 2222 103 23 l'affaire,
1528 2222 17 19 il
1558 2227 14 19 y
1584 2222 39 20 eut
1636 2227 32 15 un
1679 2222 27 20 dé-

1208 2246 39 20 filé
1267 2247 26 19 de
1314 2246 148 23 mannequins
1480 2247 24 19 et
1525 2247 19 19 le
1562 2246 70 24 tirage
1653 2247 65 20 d'une

1208 2270 141 24 plantureuse
1372 2270 103 20 tombola.
1497 2272 31 19 Ce
1551 2271 36 19 fut
1605 2270 69 20 réussi
1695 2271 23 19 et

1207 2295 80 23 joyeux
1301 2293 14 20 à
1329 2295 90 20 souhait
1433 2295 25 20 et
1472 2295 16 19 il
1501 2294 106 21 convient
1618 2295 50 19 d'en
1684 2294 22 20 fé-

1208 2317 71 21 liciter
1297 2318 206 20 chaleureusement
1522 2319 32 19 les
1570 2318 94 20 dévoués
1683 2318 23 20 di-

1207 2342 98 23 rigeants
1319 2342 31 20 du
1363 2343 167 19 Conservatoire
1549 2347 5 15 :
1569 2343 55 20 MM,
1636 2342 83 20 Robert

1207 2366 74 22 Ulens,
1308 2366 113 24 président
1425 2371 5 17 ;
1459 2367 84 21 Simon,
1569 2366 149 21 Dechaineux,

1208 2390 54 22 Lits,
1284 2391 25 19 F.
1329 2390 169 24 Vandenbosch,
1521 2392 27 18 R.
1572 2390 95 22 Gidello,
1690 2390 28 19 H.

1208 2415 63 21 Hees,
1288 2415 27 19 R.
1332 2415 153 22 Vandenberg,
1503 2416 25 19 A.
1543 2414 86 22 Loonis,
1647 2414 70 20 Raoul

1207 2438 114 23 Schepers,
1336 2438 70 22 Claes.
1417 2439 42 20 etc.
1471 2448 27 5 —
1511 2439 29 19 G.

1787 172 19 24 3
1827 171 41 24 La
1887 168 150 25 Dernière
2055 170 104 25 Heure
2181 172 18 23 3

1726 243 143 61 UN
1923 238 311 67 TIGRE

1797 326 82 46 EN
1918 322 248 52 BALADE

1772 423 28 30 IL
1819 421 132 31 EMPLOIE
1969 412 220 42 MÉCHAMMENT

1788 467 50 30 SES
1857 464 116 32 HEURES
1992 464 41 30 DE
2051 462 124 35 LIBERTÉ

1774 537 28 29 IL
1820 536 54 30 EST
1896 529 145 36 MAÎTRISÉ
2058 536 62 30 PAR
2140 537 50 30 LES

1729 580 162 32 POMPIERS,
1903 579 30 29 NI
1946 577 73 29 PLUS
2028 579 30 29 NI
2069 580 95 31 MOINS
2177 581 61 34 QUE

1757 625 55 29 DES
1826 621 232 33 MANIFESTANTS
2073 624 140 30 HUMAINS

1824 687 40 20 (De
1879 685 63 19 notre
1956 685 187 24 correspondant.)

1755 715 102 21 Londres.
1871 716 12 17 2
1898 711 119 21 décembre.
2031 722 25 5 —
2072 715 53 19 (par
2139 715 87 23 télépho-

1731 741 43 18 ne.)
1788 749 25 4 —
1824 740 62 18 Dans
1900 742 30 14 un
1942 735 86 20 théâtre
2040 737 26 20 de
2078 739 116 21 Sheffield.
2208 744 30 15 un

1732 764 54 23 tigre
1801 766 34 16 est
1851 762 55 20 sorti
1924 761 26 19 de
1967 764 26 14 sa
2010 764 52 20 cage
2079 764 24 19 et
2120 764 15 18 il
2153 768 14 14 a
2184 763 53 19 fallu

1731 789 77 22 quatre
1821 788 80 18 heures
1911 786 13 19 à
1938 784 27 19 de
1977 785 140 21 nombreuses
2129 788 72 19 forces
2212 787 26 20 de

1731 812 75 23 police,
1823 809 130 24 d'employés
1969 809 24 17 et
2009 808 27 19 de
2053 811 115 23 pompiers,
2184 815 52 20 poui

1732 837 29 18 lui
1778 836 55 19 faire
1849 834 119 22 réintégrer
1981 836 25 14 sa
2018 833 82 23 prison.

1756 859 107 20 L'animal
1880 856 127 25 appartient
2025 857 14 19 à
2059 862 30 15 un
2109 859 73 23 cirque
2203 860 35 22 qui

1732 884 62 19 visite
1811 881 156 21 actuellement
1983 879 22 19 la
2022 881 48 20 ville
2084 885 23 17 et
2122 883 22 19 la
2158 883 76 24 région

1757 908 29 19 Ce
1815 907 77 20 matin,
1911 905 44 19 très
1973 904 39 21 tôt,
2042 905 142 21 l'entraineur
2201 908 39 19 des

1732 932 105 19 animaux
1856 930 75 20 voulut
1946 933 23 14 se
1984 928 78 21 rendre
2078 931 56 19 dans
2150 932 23 18 la
2187 936 52 18 cage

1732 955 29 20 du
1776 956 61 22 tigre,
1851 954 51 24 qu'il
1917 951 80 21 tentait
2011 952 155 24 d'apprivoiser
2179 955 49 24 quel-

1731 984 42 18 que
1788 984 43 19 peu
1848 983 55 19 pour
1915 981 35 16 ses
1963 976 130 22 prochaines
2106 979 134 19 exhibitions

1732 1003 82 20 devant
1827 1003 20 19 le
1861 1002 78 24 public.

1757 1027 111 19 L'homme
1885 1026 59 19 n'eut
1957 1028 40 19 pas
2009 1024 20 20 le
2042 1026 70 24 temps
2127 1027 27 21 de
2169 1028 60 19 refer-

1734 1056 45 14 mer
1797 1051 22 19 la
1836 1051 69 23 grille.
1921 1050 29 18 Le
1968 1048 62 23 tigre,
2046 1049 93 23 furieux,
2155 1056 24 15 se
2194 1054 46 20 jeta

1732 1079 38 15 sur
1786 1075 31 19 lui
1834 1076 24 18 et
1877 1075 19 20 le
1911 1076 109 17 renversa,
2034 1072 32 21 lui
2082 1074 119 21 labourant
2219 1076 22 18 la

1733 1099 94 23 poitrine
1841 1101 23 18 et
1879 1099 19 19 le
1915 1097 71 22 visage
2003 1096 26 20 de
2045 1102 34 15 ses
2095 1099 79 23 griffes
2189 1099 39 20 acé-

1732 1123 54 19 rées.

1757 1147 41 19 Les
1828 1147 42 19 cris
1888 1147 29 19 du
1951 1143 143 23 malheureux
2123 1147 118 20 attirèrent

1733 1171 96 20 d'autres
1846 1170 97 20 ouvriers
1957 1168 44 23 qui.
2017 1170 14 19 à
2048 1174 68 19 coups
2134 1171 27 19 de
2177 1171 64 19 barre

1732 1194 27 20 de
1775 1196 40 20 fer.
1831 1193 129 25 frappèrent
1976 1192 22 19 la
2015 1192 49 22 bête
2081 1196 24 18 et
2121 1195 120 20 réussirent

1733 1219 57 19 ainsi
1807 1219 14 19 à
1839 1219 93 23 dégager
1946 1216 108 21 l'homme.

1756 1243 59 19 Mais
1830 1243 15 19 il
1861 1243 56 19 était
1932 1241 55 19 dans
2003 1244 30 16 un
2048 1242 75 23 piteux
2138 1243 54 20 état.
2205 1244 35 19 On

1733 1271 14 15 a
1764 1267 30 20 dû
1811 1268 20 19 le
1848 1266 137 23 transporter
2002 1266 92 20 aussitôt
2109 1268 14 19 à
2140 1267 101 24 l'hôpital

1732 1291 28 20 où
1776 1296 42 15 son
1835 1291 48 19 état
1898 1296 14 14 a
1927 1289 35 20 été
1976 1288 52 23 jugé
2044 1290 120 25 désespère.

1757 1315 29 19 Le
1799 1316 56 22 tigre
1869 1314 78 20 n'était
1959 1316 40 19 pas
2010 1315 57 20 resté
2080 1315 111 20 immobile
2201 1316 5 19 !
2221 1316 20 19 Il

1732 1339 73 19 s'était
1821 1339 77 20 rendu,
1913 1342 29 15 en
1957 1335 63 23 effet,
2035 1337 56 22 dans
2107 1338 22 22 la
2144 1339 55 20 salle
2214 1339 27 19 de

1733 1363 99 23 musique
1849 1362 28 20 où
1891 1362 16 20 il
1924 1364 103 16 renverra
2041 1362 32 19 les
2090 1363 103 21 meubles,
2210 1363 32 19 les

1733 1387 145 19 instruments
1892 1387 24 19 et
1931 1384 89 20 déchira
2033 1384 32 21 les
2079 1387 98 20 rideaux.
2183 1387 59 22 Puis,

1733 1410 16 20 il
1765 1411 114 20 descendit
1895 1410 56 19 dans
1965 1407 31 19 les
2013 1412 63 17 caves
2092 1411 27 20 de
2136 1410 94 20 l'établis-

1732 1435 92 19 sement.
1839 1435 48 19 Une
1901 1432 69 20 vieille
1985 1431 80 22 femme
2078 1433 56 22 était
2147 1437 94 21 occupée

1733 1459 14 19 à
1762 1460 107 22 nettoyer.

1760 1482 111 23 Effrayée,
1894 1481 42 20 elle
1960 1480 78 19 courut
2061 1485 51 17 vers
2135 1482 107 20 l'escalier

1734 1507 57 19 mais
1808 1511 28 15 au
1856 1505 98 20 moment
1973 1502 28 20 où
2020 1504 40 20 elle
2079 1506 130 24 s'apprêtait
2229 1510 14 17 a

1734 1531 95 23 grimper
1843 1532 32 18 les
1889 1528 106 21 marches,
2008 1531 32 16 un
2051 1529 89 20 homme
2154 1531 37 22 qui
2205 1534 25 16 ve-

1735 1555 49 19 nait
1798 1555 22 19 la
1838 1553 100 25 prévenir
1951 1551 27 19 de
1995 1555 24 15 se
2036 1556 79 17 sauver
2131 1556 67 18 entra
2213 1558 30 15 en

1735 1578 99 20 collision
1854 1582 51 17 avec
1924 1576 48 23 elle,
1991 1578 24 17 et
2034 1576 60 21 touts
2114 1578 58 20 deux
2188 1579 43 19 s'af-

1736 1602 102 20 falèrent.

1760 1624 180 22 Heureusement,
1955 1627 72 15 aucun
2041 1624 39 20 des
2094 1625 57 20 deux
2165 1626 79 20 n'était

1735 1650 75 21 blessé.
1823 1650 31 20 Ils
1869 1647 149 22 remontèrent
2029 1647 105 22 l'escalier
2146 1655 29 15 en
2190 1650 53 20 hâte

1735 1674 23 20 et
1773 1674 120 20 fermèrent
1909 1673 22 20 la
1945 1671 69 24 porte.

1761 1698 109 23 Quelques
1888 1695 105 22 secondes
2011 1695 48 23 plus
2078 1697 51 20 tard
2148 1699 20 20 le
2188 1698 55 23 tigre

1735 1723 77 19 venait
1831 1723 31 22 s'y
1881 1720 89 21 heurter
1990 1723 52 16 avec
2062 1721 103 20 violence.

1761 1747 29 18 Le
1802 1745 115 24 personnel
1932 1744 30 19 du
1974 1742 86 21 théâtre
2074 1745 130 24 s'empressa
2218 1747 26 19 de

1736 1770 83 20 fermer
1832 1770 72 19 toutes
1917 1768 32 19 les
1962 1766 79 24 portes.

1761 1795 34 18 En
1812 1792 119 21 attendant
1943 1790 97 21 l'arrivée
2057 1792 26 21 de
2099 1793 23 21 la
2137 1793 70 24 police
2223 1794 23 19 et

1738 1818 38 20 des
1793 1818 116 23 pompiers,
1925 1820 29 15 on
1971 1814 47 23 jeta
2031 1815 39 20 des
2086 1821 118 16 morceaux
2218 1818 27 19 de

1737 1842 79 19 viande
1829 1841 14 19 à
1855 1840 98 20 l'animal
1964 1842 56 20 pour
2031 1839 73 21 tenter
2116 1841 27 20 de
2155 1842 20 19 le
2188 1842 45 19 met-

1738 1866 33 19 tre
1787 1866 26 19 de
1829 1866 72 19 bonne
1917 1864 99 20 humeur.

1762 1890 29 19 Le
1807 1889 55 23 tigre
1878 1893 28 15 ne
1920 1892 24 15 se
1959 1886 91 20 calmait
2062 1891 42 20 pas
2117 1889 24 20 et
2152 1889 95 21 refusait

1738 1914 96 19 d'entrer
1847 1913 57 20 dans
1918 1916 25 15 sa
1955 1914 60 19 cage.

1764 1944 29 19 Le
1817 1941 116 25 personnel
1958 1940 59 20 bâtit
2040 1945 31 16 un
2096 1947 99 20 passage,
2218 1949 29 15 au

1739 1972 79 18 moyen
1832 1967 27 20 de
1872 1965 78 24 grilles,
1965 1963 71 20 allant
2048 1965 27 21 de
2090 1967 21 19 la
2127 1972 53 19 cage
2196 1968 14 20 à
2225 1968 21 19 la

1739 1992 54 19 salle
1810 1991 28 20 où
1854 1995 24 15 se
1895 1987 96 22 trouvait
2006 1987 103 23 l'animal.
2127 1992 42 19 Les
2184 1996 52 19 pom-

1739 2016 58 22 piers
1807 2013 137 21 amorcèrent
1956 2016 42 15 une
2010 2011 62 22 lance
2084 2015 24 18 et
2119 2015 86 20 bientôt
2216 2020 31 15 un

1741 2040 31 21 iet
1785 2040 63 19 d'eau
1861 2037 101 24 puissant
1973 2036 24 18 et
2010 2036 57 21 froid
2080 2039 36 18 fut
2127 2038 69 25 dirigé
2209 2044 38 15 sur

1740 2063 19 21 le
1773 2063 55 23 tigre
1843 2062 37 24 qui
1891 2060 67 25 goûta
1973 2063 42 20 peu
2028 2064 25 17 ce
2067 2065 66 20 genre
2148 2063 27 20 de
2190 2063 45 24 plai-

1739 2087 103 20 santerie.

1764 2116 70 24 Après
1849 2115 60 20 avoir
1924 2113 95 21 effectué
2034 2115 39 19 des
2086 2116 71 20 bonds
2172 2117 64 20 désor-

1740 2140 91 22 donnés,
1846 2140 16 19 il
1877 2140 88 19 s'avoua
1981 2137 79 22 vaincu
2072 2139 30 23 et,
2118 2140 45 20 tête
2178 2142 70 22 basse,

1740 2169 96 19 regagna
1850 2169 27 16 sa
1891 2167 75 19 cage...

2257 239 117 46 les
2413 228 352 58 éléments

2337 295 353 58 déchaînés

1279 2501 219 27 OUTRE-MEUSE
1516 2503 37 25 EN
1573 2497 75 32 FÊTE

1232 2555 70 24 Liège.
1321 2556 12 18 2
1351 2555 121 20 décembre.
1489 2567 26 4 —
1533 2557 29 19 Le
1582 2556 79 20 comité
1681 2557 38 19 des

1207 2579 57 20 fêtes
1283 2580 27 19 de
1329 2580 24 20 la
1367 2579 82 21 société
1470 2587 8 10 ■
1486 2580 168 22 Tchantchet»,
1672 2580 47 20 l'un

1207 2603 38 19 des
1261 2603 49 23 plus
1325 2604 93 19 anciens
1434 2605 155 21 groupements
1603 2605 30 19 du
1650 2604 58 24 pitto-

1205 2631 77 19 resque
1296 2627 99 23 quartier
1408 2627 188 22 d'Outre-Meuse,
1610 2628 62 20 avait
1682 2633 26 15 or-

1206 2650 76 23 ganisé
1294 2651 86 19 samedi
1393 2652 46 18 soir
1452 2655 43 15 une
1509 2652 121 19 touchante
1646 2652 61 19 mani-

1207 2675 107 19 festation
1329 2679 29 15 en
1375 2674 118 20 l'honneur
1505 2675 39 19 des
1560 2676 72 22 époux
1647 2676 60 19 Fran-

1206 2699 45 22 çois
1266 2698 122 20 Maréchal,
1400 2698 15 19 à
1430 2699 116 19 l'occasion
1561 2700 27 18 de
1603 2699 60 20 leurs
1677 2704 31 15 no-

1205 2727 36 16 ces
1256 2722 52 21 d'or,
1322 2724 23 18 et
1357 2722 40 19 des
1410 2722 101 20 soixante
1527 2722 83 20 années
1624 2723 27 19 de
1667 2727 41 20 pro-

1206 2746 92 19 duction
1318 2746 107 19 littéraire
1446 2746 30 19 du
1496 2746 64 23 poète
1578 2746 81 20 wallon
1679 2748 29 18 Jo-

1205 2769 56 23 seph
1275 2770 98 19 Vrindts.

1230 2794 31 18 M.
1273 2793 60 20 Léon
1346 2793 105 21 Dumont,
1464 2793 65 23 après
1541 2794 62 19 avoir
1614 2794 105 20 remercié

1205 2817 30 19 M.
1248 2817 132 23 Fraigneux.
1395 2817 92 21 échevin
1501 2819 28 19 de
1545 2817 72 24 Liège,
1628 2818 39 23 qui
1683 2822 24 15 as-

1205 2841 74 20 sistait
1293 2841 14 20 à
1323 2841 22 19 la
1358 2840 100 23 réunion,
1473 2846 15 15 a
1503 2841 77 20 trouvé
1595 2842 40 19 des
1650 2842 58 23 phra-

1204 2869 36 15 ses
1252 2869 57 19 pour
1321 2865 112 23 exprimer
1445 2870 46 15 aux
1503 2865 115 23 jubilaires
1631 2866 76 21 l'affec-

1207 2889 48 20 tion
1276 2889 27 20 de
1324 2889 60 21 leurs
1401 2889 46 21 très
1468 2890 122 19 nombreux
1611 2889 57 21 amis
1689 2890 30 20 du

1206 2913 98 24 quartier
1318 2914 27 20 de
1363 2920 9 11 ■
1381 2913 52 23 D'ju
1449 2913 69 22 d'ià».

1231 2938 31 19 M.
1273 2937 83 20 Lucien
1368 2938 92 23 Deprez,
1472 2942 30 15 au
1515 2942 53 16 nom
1581 2938 27 20 de
1621 2938 24 20 la
1657 2937 50 21 vieil-

1207 2961 19 20 le
1239 2961 82 20 société
1336 2960 100 25 liégeoise
1451 2962 39 19 -Le
1506 2963 88 19 Caveau
1610 2962 107 24 Liégeois»

1207 2990 20 18 a,
1242 2986 32 19 lui
1287 2985 66 23 aussi,
1368 2985 84 20 félicité
1466 2986 34 19 les
1514 2985 66 20 héros
1595 2986 27 20 de
1635 2987 24 19 la
1674 2986 45 20 fête

1207 3009 105 24 auxquels
1325 3010 31 19 M.
1370 3009 67 20 Louis
1450 3010 125 23 Fraigneux
1589 3015 14 15 a
1617 3010 68 20 remis
1697 3011 23 20 la

1207 3033 102 21 médaille
1323 3034 47 20 d'or
1382 3034 28 20 de
1421 3034 24 20 la
1457 3034 184 21 reconnaissance
1654 3035 54 20 fran-

1207 3058 64 23 çaise.

1231 3082 75 24 Enfin,
1317 3082 31 21 M.
1359 3083 83 23 Joseph
1454 3082 92 21 Vrindts
1557 3087 15 19 y
1582 3083 46 21 alla
1638 3083 29 20 de
1678 3088 41 16 son

1208 3106 98 21 discours
1320 3111 30 15 en
1366 3106 81 20 wallon
1459 3107 25 20 et
1499 3107 45 20 l'on
1560 3107 45 21 sait
1617 3107 63 21 toute
1697 3108 22 20 la

1207 3130 142 20 bonhommie
1367 3130 24 20 et
1406 3130 85 24 l'esprit
1508 3131 38 24 qui
1561 3131 158 21 caractérisent

1206 3159 26 15 sa
1244 3155 69 23 façon
1327 3155 26 20 de
1367 3155 135 23 s'exprimer.

1232 3179 103 21 D'autres
1354 3178 101 20 discours
1474 3179 77 20 furent
1567 3184 79 16 encore
1667 3184 42 20 pro-

1208 3203 82 20 noncés
1303 3203 77 19 tandis
1391 3207 42 20 que
1448 3203 27 21 de
1489 3204 143 20 nombreuses
1643 3205 76 23 gerbes

1208 3227 26 20 de
1251 3227 71 20 fleurs
1337 3227 23 20 et
1375 3227 101 21 cadeaux
1491 3227 85 23 étaient
1591 3229 69 20 remis
1676 3233 43 16 aux

1208 3251 120 24 jubilaires.

2330 404 40 29 ON
2390 404 127 30 SIGNALE
2536 403 162 30 PLUSIEURS

2367 448 151 30 SINISTRES
2538 448 37 29 EN
2597 447 65 30 MER

2336 518 39 29 DE
2394 518 171 30 NOMBREUX
2585 517 105 30 MORTS

2373 580 79 21 (Voyez
2468 580 67 20 début
2552 585 55 18 pape
2623 580 27 19 1.1

2282 609 121 23 Stamboul,
2415 610 12 18 2
2440 609 120 20 décembre.
2571 620 25 5 —
2606 610 19 19 A
2636 609 23 20 la
2670 608 58 21 suite
2740 609 26 20 de

2259 633 20 19 la
2293 633 95 23 tempête
2405 633 26 19 de
2448 633 22 19 la
2486 638 48 14 mer
2547 634 72 21 Noire,
2635 633 20 19 le
2683 632 84 21 littoral

2257 657 57 19 dans
2329 658 22 19 la
2366 657 75 22 région
2457 657 97 20 d'Ordou
2570 663 14 14 a
2597 657 35 21 été
2648 657 107 24 complète-

2258 682 61 18 ment
2332 680 87 24 ravagé.

2283 705 36 19 Un
2337 705 75 19 voilier
2424 705 119 24 soviétique
2560 711 15 15 a
2591 706 35 19 été
2643 704 45 24 jeté
2704 706 15 19 à
2746 705 21 19 la

2258 728 57 22 côte;
2332 729 22 19 13
2369 729 102 19 matelots
2482 734 39 16 sur
2533 730 25 19 20
2570 731 40 18 ont
2622 729 35 20 été
2671 729 97 23 noyés.—

2259 753 80 19 Havas.

2375 776 38 21 UN
2430 777 113 20 VAPEUR
2560 777 92 20 COULE

2283 807 96 21 Moscou,
2393 807 11 18 2
2416 806 121 21 décembre.
2551 818 25 3 —
2590 808 29 19 Le
2632 811 82 18 vapeur
2727 811 30 16 an-

2259 829 20 24 gl
2281 835 13 14 a
2296 831 19 18 Ls
2328 839 8 6 ■*
2348 830 112 20 Polchclla
2473 840 8 6 •■
2497 831 70 19 arrivé
2581 836 28 14 au
2622 832 50 22 port
2684 831 27 19 de
2724 832 45 18 No-

2260 854 107 19 vorossisk
2390 859 52 14 avec
2464 859 26 14 sa
2513 855 115 22 cargaison
2651 855 61 20 avait
2734 854 36 20 été

2259 878 87 20 amarré
2358 878 57 20 dans
2427 880 20 19 la
2462 879 48 19 baie
2526 883 40 19 par
2577 879 57 19 deux
2648 883 84 16 ancres,
2739 883 30 15 un

2260 905 51 17 vent
2325 902 82 19 violent
2421 902 26 20 de
2461 903 117 20 Nord-Est.
2592 903 29 20 l'a
2634 902 99 23 emporté
2748 903 22 18 et

2259 926 19 19 lc
2292 926 82 22 navire,
2388 931 13 14 a
2416 927 78 19 heurté
2509 926 20 20 le
2545 927 55 19 môle
2616 927 26 19 dc
2658 928 112 19 cabotage.

2284 951 29 18 Lc
2331 950 111 23 capitaine
2458 955 13 14 a
2489 950 74 20 donné
2581 951 78 19 l'ordre
2676 951 94 19 d'ouvrir

2260 974 32 19 les
2306 978 109 18 soupapes
2433 974 80 20 arrière
2530 974 30 19 du
2579 974 82 21 navire,
2678 978 55 19 pour
2751 974 19 19 le

2260 997 79 21 couler.
2353 997 128 24 L'équipage
2497 1003 12 14 a
2524 998 35 19 été
2572 999 68 19 sauvé
2654 999 23 18 et
2692 1004 13 14 a
2719 1002 51 18 reçu

2260 1022 31 19 les
2302 1026 89 15 secours
2403 1021 140 20 nécessaires.

2284 1046 112 19 Plusieurs
2411 1047 75 18 autres
2501 1046 96 20 bateaux
2611 1046 41 20 ont
2667 1046 49 20 subi
2733 1046 38 20 des

2260 1070 86 19 avaries
2360 1074 28 16 au
2403 1069 71 21 même
2489 1071 99 18 moment
2601 1075 29 14 en
2645 1070 71 19 divers
2730 1074 30 15 en-

2260 1094 70 20 droits
2341 1094 30 19 du
2384 1093 83 19 littoral
2480 1095 27 19 de
2517 1094 21 18 la
2552 1098 47 15 mer
2610 1094 72 19 Noire.
2692 1095 29 17 Le
2732 1093 27 23 pé-

2260 1117 76 20 trolier
2349 1116 104 24 espagnol
2469 1124 8 10 ■
2492 1118 96 19 Zorroda
2603 1125 8 10 ■
2626 1118 146 22 notamment,

2260 1143 37 22 qui
2313 1142 56 19 était
2384 1141 81 22 chargé
2480 1140 14 20 à
2510 1141 60 23 plein
2584 1146 14 15 a
2613 1141 36 20 été
2662 1141 45 23 jeté
2720 1142 14 19 à
2749 1142 23 19 la

2260 1166 48 19 côte
2321 1166 14 19 â
2344 1166 108 22 Touapsc.
2463 1175 26 4 —
2500 1165 74 23 Belga.

2261 1195 138 20 D'AUTRES
2418 1194 124 21 NAVIRES
2562 1195 36 19 EN
2614 1195 157 20 PERDITION

2287 1224 87 24 Naples,
2396 1225 12 17 2
2430 1223 121 21 décembre.
2574 1234 25 4 —
2620 1225 29 19 Le
2672 1225 101 20 mauvais

2261 1249 72 23 temps
2348 1254 13 14 a
2376 1248 70 19 rendu
2462 1248 135 23 dangereuse
2609 1248 23 20 la
2643 1248 130 24 navigation

2261 1277 39 15 sur
2315 1272 33 20 les
2363 1272 61 20 côtes
2438 1272 27 20 de
2481 1272 23 19 la
2518 1272 101 20 Calabre.

2286 1298 19 18 A
2322 1297 163 20 Bianconuovo,
2503 1300 30 15 un
2551 1296 75 19 voilier
2643 1296 129 24 yougoslave

2262 1325 53 15 avec
2331 1325 43 15 une
2389 1320 115 23 cargaison
2520 1320 27 19 de
2561 1320 53 21 bois,
2627 1325 14 14 a
2657 1320 43 19 fait
2715 1324 46 16 nau-

2262 1345 68 22 frage.
2345 1344 65 19 Trois
2423 1345 100 18 hommes
2540 1343 126 24 d'équipage
2683 1345 40 19 ont
2737 1344 36 19 été

2262 1368 73 23 noyés.

2287 1393 19 19 A
2322 1392 101 20 Roccella
2440 1392 83 20 Ionica.
2536 1396 31 15 un
2581 1391 76 20 voilier
2673 1391 101 20 albanais

2263 1421 15 15 a
2293 1416 50 20 subi
2362 1417 27 19 de
2407 1420 78 20 graves
2504 1416 91 20 avaries.
2614 1415 129 24 L'équipage
2761 1421 13 14 a

2263 1445 29 19 pu
2306 1445 24 15 se
2344 1444 80 16 sauver
2434 1439 19 20 -à
2467 1440 23 19 la
2504 1444 64 18 nage.
2583 1450 25 4 —
2623 1440 74 22 Belga.

2355 1469 115 20 ENCORE
2489 1469 79 19 DEUX
2586 1469 95 19 NOYES

2289 1499 106 23 Palerme,
2411 1500 12 18 2
2442 1499 121 20 décembre.
2582 1509 26 5 —
2626 1499 41 19 Les
2686 1498 90 21 rivières

2263 1524 98 22 Spinola,
2375 1524 104 21 Salsatto,
2485 1525 25 18 et
2525 1523 204 23 Porto-Empedocli
2736 1524 40 19 ont

2264 1547 100 21 déborde.
2376 1549 32 18 De
2423 1547 121 20 nombreux
2558 1547 115 20 habitants
2687 1548 40 19 ont
2741 1547 34 20 été

2265 1571 81 23 obligés
2363 1572 27 19 de
2405 1572 83 23 quitter
2506 1572 47 18 leur
2570 1571 109 20 demeure.

2290 1597 45 18 Des
2353 1600 89 15 secours
2459 1595 41 20 ont
2520 1594 34 20 été
2575 1594 118 23 organisés.
2713 1596 63 19 Deux

2265 1624 119 19 personnes
2400 1621 41 18 ont
2457 1618 35 20 été
2508 1618 88 24 noyées;
2612 1618 109 24 plusieurs
2737 1619 39 19 ont

2264 1643 36 21 été
2314 1643 99 21 blessées.

2291 1669 37 18 On
2346 1668 80 19 mande
2442 1667 27 20 de
2488 1667 92 22 Catane,
2598 1671 41 19 que
2659 1667 23 20 la
2699 1667 77 19 rivière

2266 1692 84 19 Simeto
2366 1698 14 14 a
2395 1691 124 23 également
2535 1691 100 20 débordé.
2651 1692 41 18 Les
2707 1691 71 23 pluies

2267 1715 138 21 abondantes
2430 1715 125 23 persistent.
2574 1715 70 19 Toute
2668 1715 24 19 la
2714 1719 50 15 cam-

2268 1744 69 19 pagne
2353 1740 34 19 est
2400 1738 100 21 inondée.
2516 1740 42 18 Les
2572 1738 77 24 dégâts
2664 1739 52 20 sont
2733 1739 44 19 très

2268 1763 139 23 Importants.

2293 1788 50 19 Une
2367 1787 149 23 quarantaine
2540 1787 28 19 dc
2593 1791 122 19 personnes
2737 1786 39 23 qui

2267 1811 84 20 étaient
2367 1811 90 20 cernées
2473 1815 40 20 par
2526 1811 32 19 les
2574 1815 56 16 eaux
2647 1811 57 19 dans
2719 1811 59 20 leurs

2268 1835 143 23 habitations,
2433 1836 41 19 ont
2496 1839 31 19 pu
2552 1835 46 20 être
2626 1834 99 21 sauvées.

2267 1859 75 24 Belga.

1828 2240 37 27 LE
1889 2237 108 29 PRINCE
2021 2233 135 34 LÉOPOLD

1741 2290 78 28 CHEZ
1835 2290 55 27 LES
1902 2282 179 34 ATHËNÉENS
2096 2290 153 28 D'IXELLES

1766 2357 89 20 Samedi
1871 2356 50 21 soir,
1939 2360 14 14 a
1966 2359 27 15 eu
2011 2354 43 21 lieu
2072 2360 29 15 au
2119 2356 74 21 Palais
2210 2357 38 20 des

1740 2381 146 21 Beaux-Arts,
1901 2384 42 15 une
1959 2379 134 23 magnifique
2108 2380 128 23 représenta-

1741 2406 47 19 tion
1800 2407 29 19 de
1844 2405 51 23 gala
1907 2405 15 19 à
1934 2402 115 21 l'occasion
2063 2404 30 19 du
2108 2404 128 24 cinquantiè-

1739 2434 34 15 me
1788 2428 148 22 anniversaire
1950 2427 27 20 de
1989 2427 113 20 l'Athénée
2116 2428 106 20 d'ixelles.

1763 2454 30 19 Le
1809 2453 74 23 prince
1900 2450 92 24 Léopold
2008 2455 14 19 y
2036 2451 107 24 assistait;
2159 2453 16 19 il
2191 2452 57 20 était

1741 2477 146 24 accompagné
1901 2476 30 20 du
1946 2475 82 20 colonel
2043 2475 45 22 Six,
2102 2481 41 14 son
2157 2476 50 20 aide
2221 2477 27 20 de

1740 2506 70 18 camp.

1764 2531 29 20 Le
1810 2531 75 23 prince
1902 2530 36 20 fut
1953 2533 51 18 reçu
2018 2528 15 19 à
2047 2533 42 16 son
2107 2530 82 20 arrivée
2207 2534 39 20 par

1740 2555 30 19 M.
1798 2555 100 19 Armand
1928 2554 131 21 Huysmans,
2088 2553 107 21 sénateur
2225 2556 22 18 et

1741 2579 148 23 bourgmestre
1904 2577 107 22 d'ixelles,
2037 2577 23 20 et
2087 2578 33 19 les
2145 2577 103 21 échevins

1740 2603 70 19 Vinck
1821 2603 24 19 et
1858 2602 87 23 Flagey.

1765 2633 33 19 Au
1815 2636 137 19 programme
1967 2639 9 8 -
1984 2631 91 19 L'Extra
2083 2639 17 13 <>.
2116 2632 132 20 l'amusante

1740 2656 96 21 comédie
1849 2657 28 20 de
1890 2657 71 18 Pierre
1974 2655 75 22 Veber,
2061 2656 133 23 interprétée
2208 2661 40 19 par

1741 2684 42 16 une
1800 2680 120 20 excellente
1937 2680 76 22 troupe
2034 2681 68 21 ayant
2122 2679 14 20 à
2155 2685 26 16 sa
2202 2680 45 20 tête

1740 2704 98 19 Gustave
1851 2705 89 19 Libeau.

1766 2728 36 19 On
1818 2728 115 23 applaudit
1952 2726 123 24 également
2093 2732 29 15 en
2142 2728 95 20 intermè-

1740 2751 38 21 des
1798 2756 5 14 :
1820 2753 61 18 Mme
1897 2752 70 19 Laure
1982 2751 69 22 Berge
2067 2751 23 21 et
2104 2753 31 19 M.
2152 2752 96 23 Georges

1741 2775 81 20 VilUer.

1764 2799 30 18 Le
1809 2799 75 22 prince
1899 2799 101 23 Léopold,
2013 2803 29 16 au
2056 2800 99 18 moment
2170 2799 27 20 de
2209 2804 39 16 son

1741 2821 79 24 départ
1837 2826 86 16 comme
1940 2823 15 20 à
1972 2827 40 16 son
2030 2822 91 23 arrivée,
2140 2823 36 20 fut
2193 2823 45 20 cha-

1741 2845 162 21 leureusement
1915 2846 103 21 acclamé.
2032 2856 25 6 —
2071 2847 27 19 G.

1806 2923 138 28 NOUVEAU
1969 2924 54 27 GAZ
2040 2924 148 28 MORTEL?

1766 2989 120 24 Budapest,
1903 2990 12 19 2
1936 2990 120 22 décembre.
2076 3001 27 5 —
2123 2992 64 18 Dans
2205 2996 44 16 une

1741 3014 62 19 usine
1825 3014 110 24 chimique
1956 3015 27 20 de
2001 3015 119 23 Budapest,
2141 3015 109 24 plusieurs

1741 3037 98 21 ouvriers
1856 3039 40 19 ont
1914 3037 36 21 été
1968 3037 135 22 récemment
2121 3040 130 23 gravement

1740 3061 124 23 intoxiqués
1878 3066 42 19 par
1934 3067 32 15 un
1981 3068 40 18 gaz
2035 3063 36 24 qui
2085 3063 110 23 s'attaque
2206 3068 45 16 aux

1741 3086 59 19 voies
1817 3086 153 21 respiratoires
1988 3087 24 20 et
2029 3087 14 20 à
2061 3087 24 19 la
2107 3087 79 20 cornée
2212 3088 39 20 des

1740 3114 62 19 yeux.
1813 3110 68 20 L'une
1894 3111 40 19 des
1947 3110 100 21 victimes
2059 3111 27 20 de
2100 3111 36 20 cet
2149 3111 103 21 accident

1740 3134 61 20 vient
1814 3134 27 20 de
1853 3134 84 20 mourir
1944 3139 7 17 :
1967 3139 44 16 une
2026 3135 63 20 autre
2104 3136 35 19 est
2152 3135 98 21 devenue

1741 3158 96 23 aveugle.

1765 3182 42 22 Les
1829 3183 98 20 ouvriers
1949 3182 124 25 intoxiqués
2093 3185 53 19 sont
2168 3183 83 25 l'objet,

1739 3206 57 20 dans
1810 3206 34 20 les
1855 3206 115 25 hôpitaux,
1982 3207 64 20 d'une
2059 3208 146 20 surveillance
2219 3208 20 20 ri-

1740 3235 106 16 goureuse
1859 3230 28 20 de
1900 3232 22 19 la
1932 3231 53 20 nart
1995 3231 32 21 du
2037 3231 82 21 service
2133 3231 118 26 technique

1740 3255 111 21 militaire.
1864 3265 26 5 —
1898 3254 77 24 Belga.

1387 3934 134 20 PENDANT
1536 3934 35 20 LE
1585 3935 145 20 DISCOURS
1746 3936 41 20 DU
1803 3936 143 20 DOCTEUR
1960 3935 74 21 SAND

1486 3969 31 15 au
1532 3963 97 25 Congrès
1644 3965 28 20 de
1688 3964 119 21 médecine
1820 3964 134 26 préventive.

1231 4002 32 20 La
1282 4003 102 20 Semaine
1406 4003 27 20 de
1452 4003 115 22 Médecine
1587 4004 132 24 préventive,

1207 4027 121 23 organisée,
1345 4028 31 19 du
1390 4028 11 19 2
1419 4032 29 15 au
1466 4028 23 19 10
1506 4028 121 24 décembre,
1640 4032 43 19 par
1698 4029 23 19 la

1207 4050 87 21 Société
1307 4051 67 23 Belge
1387 4051 26 20 de
1427 4051 114 21 Médecine
1556 4052 127 24 préventive
1697 4053 24 20 et

1207 4075 153 24 d'Eugénique,
1373 4076 53 19 s'est
1437 4077 97 21 ouverte,
1546 4076 85 20 samedi
1643 4076 76 24 après-

1207 4099 61 22 midi,
1283 4103 41 19 par
1339 4104 43 16 une
1397 4100 80 19 séance
1489 4099 127 24 solennelle,
1632 4105 29 16 au
1676 4101 33 19 Pa-

1208 4123 41 20 lais
1263 4123 39 20 des
1313 4123 135 21 Académies.

1231 4148 35 19 Au
1282 4147 84 20 bureau
1383 4148 90 19 avaient
1489 4148 46 23 pris
1548 4148 63 24 place
1628 4149 55 20 MM.
1699 4148 21 20 le

1207 4171 91 21 docteur
1312 4171 95 22 Keiffer,
1419 4172 114 23 président
1546 4172 27 20 de
1586 4172 22 20 la
1623 4173 94 22 Société;

1206 4195 20 20 le
1241 4195 92 20 docteur
1348 4195 93 24 Tlmbal,
1459 4196 110 20 directeur
1586 4196 89 23 général
1692 4197 28 20 de

1207 4219 122 24 l'Hygiène;
1347 4220 21 20 le
1388 4220 91 19 docteur
1498 4220 61 19 René
1579 4220 68 23 Sand,
1666 4225 42 16 con-

1205 4243 74 20 seiller
1290 4243 118 24 technique
1423 4244 14 19 à
1451 4244 22 19 la
1487 4244 66 23 Ligue
1569 4244 39 20 des
1623 4245 97 19 Sociétés

1206 4267 27 21 de
1249 4268 23 19 la
1285 4268 66 20 Croix
1366 4268 85 23 Rouge;
1468 4268 84 19 Octave
1569 4268 101 23 Dierckx,
1683 4269 24 20 sé-

1206 4292 87 21 nateur,
1305 4292 113 23 président
1429 4292 30 19 du
1473 4292 87 19 Conseil
1575 4292 101 20 national
1690 4293 29 20 du

1206 4316 59 23 parti
1282 4316 86 23 libéral;
1383 4316 20 19 le
1419 4316 51 23 père
1497 4317 91 21 Rutten,
1603 4316 114 23 sénateur;

1207 4340 157 22 Vandervelde,
1403 4340 101 19 ministre
1537 4340 83 23 d'Etat;
1652 4341 67 21 Wets,

1205 4364 181 24 vice-président;
1410 4364 50 19 Van
1493 4364 103 22 Zeeland,
1617 4365 103 19 trésorier

1205 4388 99 24 général;
1322 4388 134 22 Imlanitoff,
1486 4388 118 20 secrétaire
1624 4389 96 23 général,

1204 4413 25 20 et
1241 4412 100 23 Edward,
1354 4411 118 21 secrétaire
1484 4412 31 19 du
1531 4412 80 20 comité
1624 4413 27 20 de
1667 4417 40 20 pro-

1205 4436 102 24 pagande
1324 4436 27 21 de
1368 4436 22 20 la
1405 4436 89 20 société.

1230 4465 101 20 Dsrrière
1347 4465 21 24 lç
1388 4465 90 22 bureau,
1495 4469 28 15 on
1544 4466 136 23 remarquait
1697 4466 21 19 la

1205 4489 104 24 présence
1324 4489 27 20 de
1366 4489 54 20 MM.
1436 4489 20 19 le
1472 4489 126 23 professeur
1613 4490 106 21 Herman,

1204 4513 114 24 président
1333 4513 30 20 du
1378 4512 80 21 comité
1474 4513 93 20 médical
1583 4513 27 21 de
1623 4513 95 21 l'Œuvre

1206 4537 118 20 Nationale
1350 4537 26 20 de
1397 4537 126 22 l'Enfance;
1549 4537 32 19 les
1600 4537 117 20 sénateurs

1204 4562 114 20 Jauniaux
1331 4562 24 19 et
1368 4561 114 23 François;
1499 4561 135 21 Schraenen.
1645 4562 61 19 secré-

1204 4586 57 19 taire
1274 4585 89 24 général
1376 4585 26 20 de
1416 4585 23 19 la
1453 4585 67 23 Ligue
1534 4585 118 20 Nationale
1666 4586 40 20 Bel-

1204 4614 26 19 ge
1256 4611 76 18 contre
1348 4609 20 21 le
1395 4610 94 21 Cancer;
1508 4609 20 20 le
1555 4609 91 20 docteur
1661 4611 56 18 Der-

1203 4634 83 23 scheid,
1306 4633 113 24 président
1438 4633 27 20 de
1485 4633 95 21 l'Œuvre
1600 4634 117 19 Nationale

1203 4658 67 24 Belge
1289 4662 66 16 conre
1374 4657 22 20 la
1412 4657 155 22 Tuberculose;
1588 4657 20 20 le
1627 4657 91 21 docteur

1204 4682 123 20 Vervaecke
1331 4686 6 18 ;
1367 4681 103 23 Goddyn,
1498 4681 114 24 président
1638 4681 28 22 de
1695 4682 22 19 la

1204 4707 58 19 Cour
1274 4706 27 20 de
1316 4705 121 23 cassation;
1453 4706 98 22 Maquet.
1566 4705 110 20 directeur
1691 4706 26 20 de

1204 4730 94 20 l'Œuvre
1318 4729 117 21 Nationale
1454 4729 27 20 de
1498 4729 123 22 l'Enfance;
1643 4730 73 19 Dron-

1204 4757 54 19 sart.
1269 4755 110 20 directeur
1390 4753 90 24 général
1489 4753 27 20 de
1527 4753 23 20 la
1558 4754 66 19 Croix
1634 4754 82 23 Rouge.

1228 4784 62 19 Dans
1310 4783 23 19 la
1364 4782 62 23 salle,
1446 4786 29 15 on
1505 4783 137 22 remarquait
1661 4784 55 19 MM.

1203 4808 133 22 Huysmans,
1365 4806 150 24 bourgmestre
1546 4805 109 24 d'ixelles;
1689 4807 27 20 de

1203 4831 102 24 Jaegher,
1319 4831 149 23 bourgmestre
1480 4830 27 20 de
1521 4829 132 23 Tirlemont;
1666 4831 50 20 Van

1203 4856 152 23 Huyneghem,
1394 4855 149 23 bourgmestre
1578 4854 27 19 de
1643 4855 72 19 Jette-

1203 4880 161 22 Saint-Pierre;
1383 4879 71 20 Vinck
1469 4879 24 19 et
1509 4879 49 19 Van
1572 4878 144 22 Roosbroeck,

1201 4905 126 22 sénateurs;
1345 4903 20 21 le
1384 4903 89 24 général
1490 4902 100 22 Mahieu;
1612 4902 103 23 Willems,

1203 4929 110 20 directeur
1330 4928 30 20 du
1377 4927 74 21 Fonds
1467 4926 106 20 National
1587 4926 27 20 de
1632 4926 22 20 la
1671 4927 31 19 Re-

1202 4953 95 21 cherche
1309 4952 152 23 Scientifique,
1472 4951 43 20 etc.

1227 4983 31 19 M.
1273 4981 62 20 René
1348 4980 62 20 Sand
1425 4985 14 15 a
1454 4980 79 23 exposé
1546 4980 112 19 comment
1673 4984 30 15 na-

1202 5006 49 24 quit
1268 5006 62 20 l'idée
1360 5005 28 20 de
1405 5005 22 19 la
1445 5004 113 20 médecine
1589 5003 126 24 préventive

1203 5034 53 16 avec
1273 5030 32 20 les
1321 5028 152 21 vaccinations
1487 5029 24 19 et
1528 5028 32 20 les
1575 5027 74 20 visites
1668 5028 35 19 mé-

1203 5054 81 21 dicales
1299 5053 145 25 préventives.

1227 5078 174 24 L'organisation
1418 5077 26 20 de
1474 5076 108 24 l'hygiène
1611 5076 103 24 publique

1202 5104 35 19 est
1249 5107 79 16 encore
1340 5102 152 20 insuffisante.

1227 5132 49 19 Aux
1297 5130 139 21 Etats-Unis,
1457 5130 20 21 le
1499 5129 125 24 professeur
1642 5129 72 20 Erwin

1202 5156 90 20 Fischer
1305 5155 77 22 fonda,
1395 5159 29 16 en
1439 5154 54 23 1912,
1505 5154 107 20 l'Institut
1625 5158 55 20 pour
1692 5154 22 19 la

1202 5180 155 24 pro.ongation
1372 5179 27 21 de
1416 5179 22 19 la
1452 5179 41 20 vie.

1227 5205 36 19 On
1279 5208 14 15 a
1308 5203 107 23 constaté,
1429 5203 57 19 dans
1500 5203 25 19 50
1538 5207 21 19 p.
1574 5207 18 15 c.
1608 5202 38 20 des
1660 5206 42 16 exa-

1202 5233 63 15 mens
1284 5227 122 22 médicaux,
1421 5227 38 20 des
1478 5226 122 20 anomalies
1614 5226 61 22 dues,
1693 5226 21 19 la

1202 5253 90 23 plupart
1303 5252 30 19 du
1347 5253 78 21 temps,
1438 5251 15 20 à
1466 5255 31 15 un
1509 5255 94 19 manque
1617 5250 85 24 d'hygiè-

1202 5281 28 15 ne
1246 5280 28 16 ou
1291 5276 14 19 à
1321 5280 31 15 un
1369 5275 79 20 défaut
1461 5275 28 21 de
1505 5275 89 23 régime.

1226 5300 37 20 On
1279 5304 15 15 a
1312 5299 74 20 décelé
1405 5299 59 20 aussi
1483 5299 39 20 des
1537 5303 38 15 cas
1593 5298 27 20 de
1639 5298 64 20 tuber-

1201 5324 80 22 culose,
1294 5323 176 22 d'albuminurie,
1485 5323 47 19 voir
1545 5323 27 20 de
1587 5327 86 15 cancer.

1226 5348 64 21 Cette
1305 5347 64 22 visite
1383 5351 29 18 ne
1425 5347 103 20 va-t-elle
1543 5351 41 19 pas
1598 5346 91 23 donner,
1699 5347 15 20 à

1740 4005 39 20 des
1798 4010 54 19 gens
1872 4005 38 24 qui
1928 4010 25 15 se
1972 4004 86 21 croient
2076 4005 52 21 bien
2148 4007 103 24 portants

1740 4030 126 19 l'obsession
1883 4029 27 21 de
1925 4029 48 20 leur
1987 4029 95 20 maladie
2090 4031 11 19 ?

1765 4054 30 20 Le
1812 4054 92 20 docteur
1921 4053 62 20 Sand
1997 4058 28 16 ne
2044 4054 19 21 le
2079 4053 56 22 croit
2153 4059 46 19 pas.
2217 4056 34 20 Au

1739 4079 117 21 contraire,
1874 4078 21 19 le
1914 4077 87 20 malade
2021 4079 95 22 reprend
2134 4079 117 21 confiance

1739 4104 24 17 et
1777 4102 86 19 revient
1879 4101 84 24 chaque
1982 4101 71 21 année
2072 4102 14 20 à
2103 4103 22 19 la
2143 4103 70 20 visite.

1764 4126 42 19 Les
1819 4126 87 19 centres
1917 4126 27 20 de
1957 4125 112 21 médecine
2083 4127 126 22 préventive
2222 4133 28 16 ne

1740 4149 50 20 font
1810 4149 111 20 d'ailleurs
1952 4153 41 20 pas
2012 4149 27 21 de
2071 4150 129 24 diagnostic.
2220 4153 31 19 ILs

1740 4173 100 20 donnent
1850 4173 94 20 souvent
1955 4173 23 20 la
1987 4173 89 21 marche
2087 4174 14 20 à
2111 4175 73 21 suivre
2194 4180 57 20 pour

1739 4197 46 20 être
1800 4198 51 19 bien
1863 4200 97 21 portant.

1763 4221 105 20 Prévenir
1880 4221 64 20 coûte
1960 4221 72 20 moins
2046 4222 53 20 cher
2114 4227 41 20 que
2171 4225 79 22 guérir.

1763 4245 32 19 La
1814 4245 105 24 Belgique
1935 4245 45 21 suit
1998 4245 139 22 timidement
2157 4248 32 20 les
2209 4253 29 15 au-

1739 4270 46 19 tres
1802 4273 55 19 pays
1875 4269 57 20 dans
1947 4269 22 20 la
1986 4269 48 20 voie
2053 4270 26 20 de
2098 4271 22 19 la
2138 4271 112 21 médecine

1739 4292 132 24 préventive.
1888 4293 114 24 L'opinion
2019 4293 102 24 publique
2138 4297 58 19 reste
2214 4296 24 20 in-

1739 4317 94 21 sensible
1845 4318 23 19 et
1877 4318 113 23 pourtant,
2002 4321 29 16 en
2043 4318 56 20 deux
2113 4324 47 18 ans,
2173 4320 22 20 la
2208 4321 30 19 So

1739 4340 55 20 ciété
1810 4341 66 23 Belge
1897 4341 26 20 de
1956 4341 113 21 Médecine
2089 4343 127 23 préventive
2236 4349 14 15 a

1740 4364 106 20 distribué
1855 4366 82 21 300,000
1949 4365 70 20 tracts
2031 4366 24 19 et
2066 4366 69 22 70,000
2148 4368 102 24 affiches,

1739 4388 73 21 donné
1829 4390 37 18 600
1884 4388 142 22 conférences
2040 4390 24 19 et
2079 4391 80 20 touché
2178 4392 60 20 direc-

1739 4413 85 19 tement
1839 4413 98 20 1.250.000
1951 4413 122 20 habitants.

1763 4437 29 19 Le
1806 4437 91 20 docteur
1910 4437 61 20 Sand
1982 4437 94 21 termine
2089 4443 42 19 par
2142 4444 31 16 un
2184 4441 65 23 appel

1739 4460 89 20 vibrant
1840 4461 14 20 à
1865 4465 42 15 son
1920 4461 115 20 auditoire.

1763 4485 31 19 M.
1812 4485 84 21 Octave
1911 4485 94 19 Dierckx
2024 4490 13 14 a
2056 4486 43 20 fait
2115 4488 86 20 ensuite
2217 4493 32 16 un

1738 4508 89 20 vibrant
1841 4508 105 24 parallèle
1962 4509 62 20 entre
2040 4509 19 21 le
2073 4511 86 20 moteur
2174 4512 75 21 d'auto

1736 4533 25 18 et
1775 4532 139 24 l'organisme
1928 4533 100 19 humain.

1763 4556 75 20 Mieux
1848 4557 53 19 vaut
1913 4557 21 18 la
1947 4556 63 20 visite
2020 4559 125 21 préventive
2158 4561 30 19 du
2201 4564 35 16 mé-

1736 4580 102 20 canicien
1856 4585 41 19 que
1912 4581 23 19 la
1953 4585 74 19 panne
2044 4582 111 21 fâcheuse.

1762 4605 33 19 De
1807 4604 77 22 même,
1894 4604 23 20 la
1928 4604 63 21 visite
2004 4604 105 22 médicale
2121 4607 126 23 préventive

1738 4627 47 20 doit
1801 4628 102 23 prévenir
1923 4628 32 20 les
1975 4628 99 21 hommes
2092 4632 76 20 contre
2189 4632 59 20 leurs

1737 4651 150 21 défaillances.

1761 4676 164 23 Représentant
1943 4676 104 23 l'opinion
2066 4677 96 25 libérale,
2181 4680 54 20 l'ora-

1737 4700 50 19 teur
1805 4700 55 20 croit
1882 4700 126 23 cependant
2029 4704 41 20 que
2089 4702 22 20 la
2134 4703 113 21 médecine

1737 4724 125 22 préventive
1879 4724 47 19 doit
1941 4725 110 22 respecter
2067 4726 20 19 le
2100 4728 72 19 secret
2187 4729 24 19 et
2225 4728 22 20 la

1737 4747 77 20 liberté
1835 4748 27 20 de
1883 4748 22 19 la
1925 4748 34 20 vie
1981 4748 81 23 privée;
2083 4750 26 20 de
2131 4751 78 24 même,
2230 4753 16 19 il

1735 4771 102 21 souhaite
1850 4771 20 21 le
1882 4771 54 20 libre
1951 4772 65 19 choix
2030 4772 30 20 du
2076 4774 106 21 médecin.

1760 4796 138 22 Moyennant
1930 4800 36 15 ces
1997 4797 118 24 garanties,
2146 4799 16 19 il
2190 4800 56 20 rend

1736 4819 116 24 hommage
1867 4824 30 14 au
1911 4819 79 20 comité
2005 4820 27 21 de
2048 4820 21 20 la
2084 4822 87 21 société.
2191 4825 43 23 (Ap-

1736 4843 187 23 plaudissement.)

1760 4867 29 19 Le
1807 4867 51 23 père
1876 4867 85 19 Rutten
1979 4868 68 22 prend
2066 4869 14 19 à
2096 4874 41 16 son
2156 4872 50 19 tour
2224 4873 21 18 la

1735 4891 74 23 parole
1828 4891 24 19 et
1872 4890 58 20 tient
1945 4891 15 20 à
1977 4892 112 20 constater
2107 4898 41 19 que
2169 4895 22 20 la
2208 4900 25 15 so-

1735 4915 56 20 ciété
1807 4919 13 15 a
1836 4914 53 23 rayé
1906 4915 26 21 de
1949 4919 40 15 son
2007 4919 137 20 programme
2162 4924 24 16 ce
2203 4924 41 19 que

1736 4939 42 19 l'on
1795 4939 99 23 pourrait
1913 4939 90 23 appeler
2020 4939 139 26 l'Eugénique
2175 4943 57 24 néga-

1735 4962 51 21 tive.

1758 4986 20 19 II
1790 4987 87 22 promet
1888 4986 124 24 également
2021 4987 49 21 tout
2078 4993 42 16 son
2132 4994 106 16 concours

1759 5011 30 19 M.
1799 5010 69 20 Emile
1879 5010 151 22 Vandervelde
2042 5016 14 14 a
2068 5012 94 22 terminé
2174 5014 22 20 la
2208 5016 23 19 sé-

1734 5034 31 21 rie
1781 5034 38 19 des
1835 5034 98 20 discours
1946 5039 28 16 en
1990 5035 128 23 soulignant
2132 5042 41 19 que
2187 5038 56 20 dans

1734 5060 31 18 les
1782 5058 71 20 tables
1870 5058 26 20 de
1914 5058 117 22 mortalité,
2049 5059 22 20 la
2089 5061 103 24 Belgique
2210 5064 34 18 est

1734 5082 75 23 passée
1824 5082 31 19 du
1868 5082 24 21 3e
1906 5086 28 16 au
1949 5083 36 19 18e
2000 5086 62 20 rang.

1757 5107 34 19 En
1806 5106 93 21 matière
1915 5106 114 24 d'hygiène
2044 5108 87 23 sociale,
2146 5110 16 19 il
2177 5111 37 22 n'y
2229 5114 13 15 a

1733 5134 47 19 pas.
1796 5135 29 15 en
1854 5130 110 23 Belgique,
1978 5130 27 20 de
2036 5131 53 22 plan
2105 5133 137 20 d'ensemble.

1734 5155 58 19 C'est
1807 5154 123 20 l'initiative
1945 5154 73 23 privée
2035 5155 37 20 qui
2090 5160 14 15 a
2121 5157 50 20 tout
2188 5158 52 22 fait;

1734 5178 65 22 aussi,
1814 5178 20 21 le
1849 5178 46 20 rôle
1910 5177 27 21 de
1950 5178 23 19 la
1988 5178 86 21 Société
2086 5179 27 21 de
2129 5181 113 20 Médecine

1734 5202 125 24 préventive
1872 5207 27 16 ne
1913 5201 81 24 peut-il
2006 5206 107 20 manquer
2127 5204 67 23 d'être
2208 5205 22 19 fé-

1734 5227 62 19 cond.

1758 5251 41 19 Les
1816 5251 100 19 orateurs
1933 5250 40 20 ont
1988 5249 35 20 été
2042 5250 141 24 longuement
2201 5257 29 19 ap-

1733 5275 93 23 plaudis.
1840 5275 31 19 M.
1885 5273 89 20 Keiffer
1987 5273 32 19 les
2034 5278 14 15 a
2061 5276 116 20 remerciés
2189 5281 52 15 avec

1733 5299 91 20 chaleur
1842 5298 25 20 et
1883 5302 15 15 a
1913 5297 99 23 souligné
2033 5297 95 25 l'apport
2147 5300 39 19 des
2204 5305 26 15 or-

1733 5322 137 24 ganisations
1899 5321 110 20 ouvrières
2026 5321 15 20 à
2067 5322 90 22 l'œuvre
2173 5324 28 21 de
2219 5324 22 20 la

1733 5346 111 20 médecine
1857 5344 133 25 préventive.
2002 5355 27 5 —
2041 5346 25 20 E.

2297 2829 203 23 Impressionnante
2516 2830 69 24 photo
2601 2830 27 20 de
2643 2829 114 25 l'appareil

2297 2852 63 24 placé
2390 2854 117 20 au-dessus
2537 2855 38 19 des
2604 2854 153 24 gigantesques

2297 2882 64 15 roues
2375 2877 162 25 d'atterrissage
2550 2879 30 19 da
2593 2883 101 15 nouveau
2708 2883 36 15 mo-

2297 2901 84 23 noplan
2392 2902 36 23 qui
2439 2907 75 16 assure
2525 2903 20 19 le
2556 2903 82 19 service
2649 2903 107 19 Londres-

2297 2925 147 23 Amsterdam,
2454 2927 24 19 et
2488 2927 56 19 dans
2555 2927 69 23 lequel
2637 2927 107 23 disparais-

2298 2950 51 18 sent
2365 2949 32 21 les
2414 2955 63 14 roues
2495 2951 100 22 pendant
2611 2951 21 20 le
2649 2951 35 19 vol
2701 2956 56 19 pour

2298 2973 110 20 diminuer
2424 2974 20 19 le
2462 2975 131 20 frottement
2609 2976 22 19 et
2649 2974 108 21 accélérer

2297 2996 24 20 la
2337 2997 85 21 vitesse.
2440 2998 102 20 Pendant
2559 3003 41 15 son
2616 2999 42 22 vol,
2675 2999 81 20 l'avion

2341 3026 14 14 a
2374 3021 57 20 ainsi
2450 3022 90 23 l'aspect
2560 3023 52 20 d'un
2631 3023 81 20 oiseau.

2274 3083 36 27 LE
2323 3083 73 28 GALA
2405 3085 36 26 DE
2455 3086 102 26 «MARS
2568 3086 37 26 ET
2615 3087 166 27 MERCURE»

2297 3138 34 20 En
2351 3139 158 21 collaboration
2528 3145 54 16 avec
2601 3141 22 20 la
2642 3141 81 20 société
2742 3142 39 20 des

2273 3162 98 20 officiers
2384 3164 98 23 français
2498 3169 30 15 en
2544 3165 111 23 Belgique,
2667 3166 21 19 le
2706 3166 75 19 Cercle

2273 3186 115 21 industriel
2402 3188 22 19 et
2438 3189 140 20 commercial
2591 3190 39 20 des
2644 3189 137 21 ex-officiers

2272 3211 24 19 et
2311 3211 99 22 officiers
2427 3212 28 20 de
2469 3212 86 20 réserve
2570 3213 73 23 belges
2662 3222 8 8 -
2678 3214 62 19 Mars
2758 3215 23 19 et

2273 3235 99 20 Mercure
2381 3242 8 11 ■
2403 3240 14 15 a
2428 3236 79 23 donné,
2517 3237 92 23 samedi,
2620 3242 32 15 un
2663 3237 50 25 gala
2723 3238 47 20 dan-

2272 3259 59 22 sant.

2298 3283 49 20 Une
2364 3283 60 20 foule
2440 3284 112 23 gracieuse
2570 3284 67 23 avait,
2652 3286 39 20 dès
2708 3286 72 24 vingt-

2273 3307 57 19 deux
2342 3307 86 23 heures,
2441 3309 80 19 envahi
2532 3309 33 20 les
2577 3310 118 20 immenses
2706 3310 75 20 salona

2273 3331 53 20 d'un
2342 3331 60 20 hôtel
2418 3332 30 20 du
2464 3333 83 19 centre.

2297 3356 20 18 A
2330 3354 130 23 l'ouverture
2477 3356 32 20 du
2525 3356 44 24 bal,
2584 3357 21 20 le
2619 3358 107 24 pourtour
2741 3359 40 19 des

2273 3378 68 24 pistes
2353 3378 78 21 n'était
2443 3379 51 24 plus
2506 3381 67 23 qu'un
2586 3382 99 22 parterre
2696 3383 27 22 ^
2737 3382 32 21 toi-

2273 3403 65 20 lettes
2351 3403 123 24 gracieuses
2486 3405 24 19 et
2522 3405 143 20 d'uniformes
2676 3406 93 20 chamar-

2274 3426 42 21 rés.
2338 3427 109 24 Quelques
2469 3428 75 20 habits
2567 3429 60 20 noirs
2649 3430 131 23 essayaient,

2274 3451 50 20 bien
2337 3452 46 19 mal
2396 3452 117 24 d'ailleurs,
2529 3453 27 19 de
2571 3452 138 25 représenter
2720 3453 49 21 l'élé-

2274 3475 63 20 ment
2352 3475 58 20 civil.

2298 3499 136 20 L'orchestre
2454 3499 27 21 de
2503 3500 47 24 jazz
2574 3505 7 15 :
2604 3502 72 23 Harry
2697 3502 83 22 Belien.

2273 3527 66 16 mena
2345 3523 94 20 aussitôt
2453 3528 43 15 une
2509 3525 68 20 ronde
2585 3525 129 20 incessante.
2721 3527 48 19 Con-

2274 3547 48 20 duit
2338 3552 54 15 avec
2409 3548 119 23 virtuosité,
2542 3549 16 19 il
2576 3550 76 19 anima
2667 3550 101 19 instanta-

2274 3571 91 20 nément
2380 3571 135 21 l'assistance
2532 3573 24 19 et
2572 3577 35 17 ses
2624 3573 99 23 rythmes
2740 3579 29 15 en

2273 3595 84 21 diables
2367 3596 24 20 et
2404 3596 91 20 savants
2509 3596 142 24 préparèrent
2664 3597 104 21 excellent

2274 3619 62 20 ment
2345 3619 24 20 la
2380 3624 68 16 venue
2461 3620 40 20 des
2512 3621 97 20 vedettes
2622 3621 30 20 du
2664 3626 104 18 program-

2273 3648 42 15 me.

2298 3668 30 20 Ce
2341 3668 93 24 dernier,
2444 3668 150 21 brillamment
2605 3669 123 20 commenté
2739 3674 40 20 par

2273 3691 21 19 le
2316 3692 101 23 spirituel
2440 3693 84 19 Marcel
2548 3693 101 23 Antoine,
2672 3694 108 20 recueillit

2273 3715 161 24 l'approbation
2451 3717 105 19 unanime
2578 3717 39 19 des
2637 3717 142 24 spectateurs.

2297 3740 31 19 Sa
2339 3740 145 23 composition
2495 3740 43 20 fait
2551 3742 101 19 honneur
2665 3746 30 16 au
2709 3742 70 23 grand

2273 3763 79 21 maître
2363 3764 39 20 des
2414 3763 138 24 cérémonies,
2563 3765 20 20 le
2594 3765 111 24 capitaine
2717 3767 63 19 Marc

2273 3787 108 23 Vanhille,
2394 3793 32 16 un
2438 3788 53 20 chef
2503 3788 31 20 du
2547 3788 109 24 protocole
2671 3790 60 19 aussi
2743 3790 25 19 sé-

2273 3811 49 20 vère
2333 3816 29 16 en
2375 3812 117 20 assemblée
2503 3812 100 24 générale
2615 3817 41 19 que
2667 3813 113 21 sémillant

2273 3835 39 20 dès
2327 3836 52 24 qu'il
2392 3836 65 23 s'agit
2471 3837 27 19 de
2514 3836 90 20 mériter
2620 3837 32 20 les
2668 3837 111 23 suffrages

2272 3860 30 19 du
2316 3859 57 21 beau
2387 3864 57 16 sexe.

2296 3884 31 20 Le
2345 3884 51 20 clou
2414 3884 39 20 des
2469 3884 132 20 exhibitions
2620 3885 36 21 fut
2675 3885 53 20 celle
2749 3886 29 19 du

2271 3908 77 23 couple
2362 3908 27 20 de
2402 3908 108 20 danseurs
2520 3908 134 23 Avila-Mile,
2666 3909 71 20 arrivé
2750 3914 29 15 en

2272 3932 71 20 droite
2360 3930 59 25 ligne
2436 3933 29 21 de
2483 3933 63 19 New-
2547 3933 65 19 York.

2296 3957 107 18 Reconnu
2419 3960 29 17 au
2462 3960 99 19 passage.
2577 3957 31 19 M.
2620 3956 90 23 Foulon,
2724 3957 49 20 MM

2271 3980 24 19 et
2311 3981 71 20 Mmes
2399 3981 83 22 Proost,
2499 3980 104 23 Vercken,
2620 3981 97 22 Darrols,
2734 3983 42 18 De-

2271 4003 75 23 kozak,
2361 4004 88 23 Pequet,
2463 4005 78 21 Meers,
2554 4005 60 19 Mme
2626 4004 85 23 Lamin,
2726 4005 52 20 Mlle

2271 4028 84 22 Proost,
2370 4028 57 20 ainsi
2441 4032 41 20 que
2498 4029 20 20 le
2534 4027 112 24 président
2658 4029 28 19 de
2700 4037 9 7 «
2718 4030 61 18 Mars

2272 4052 23 19 et
2311 4052 126 22 Mercure",
2453 4052 30 19 M.
2500 4052 83 22 Grisar,
2600 4052 22 19 et
2639 4052 57 20 celui
2712 4053 27 19 de
2756 4053 22 20 la

2271 4075 81 21 société
2373 4076 115 23 française,
2509 4076 30 19 M.
2557 4076 20 19 le
2598 4076 93 20 vicomte
2712 4077 65 19 Nico-

2272 4100 42 22 lay,
2336 4099 92 21 entouré
2446 4099 27 20 de
2492 4099 58 20 leurs
2572 4099 173 21 collaborateurs
2771 4105 5 15 :

2271 4124 54 20 MM.
2354 4124 50 19 Van
2431 4123 139 23 Beirewaere,
2598 4123 74 22 Lentz,
2700 4125 76 22 Devos,

2271 4147 62 24 Kicq,
2354 4148 97 22 Debrun,
2472 4148 104 22 Herman,
2598 4147 99 23 Godden,
2718 4148 58 21 Wel-

2270 4171 54 21 lens,
2337 4171 115 24 Neyrinck,
2465 4171 41 20 etc.

2296 4195 142 20 L'invitation
2455 4194 83 25 portait
2555 4199 7 15 :
2577 4194 97 21 voitures
2691 4195 15 20 à
2723 4196 54 20 trois

2270 4219 85 21 heures.
2369 4220 30 19 Ce
2411 4219 52 24 qu'il
2475 4223 14 17 y
2502 4219 37 19 eut
2552 4219 27 20 de
2592 4219 131 21 chauffeurs
2736 4224 30 16 ou-

2269 4242 55 21 bliés
2336 4243 58 21 cette
2406 4242 107 21 nuit-là...
2528 4252 26 5 —
2566 4243 20 19 J.

2285 4300 37 27 AU
2347 4299 115 28 CERCLE
2486 4300 26 26 L'
2529 4308 18 16 «
2563 4295 165 33 AGRÉMENT
2744 4310 15 5 -

2294 4354 29 20 Le
2340 4354 93 20 vaillant
2447 4354 68 20 cercle
2541 4354 79 20 amical
2636 4354 23 20 et
2687 4356 78 23 philan-

2270 4378 115 24 thropique
2406 4378 116 20 bruxellois
2544 4385 8 11 ■
2574 4378 144 24 L'Agrément
2735 4389 9 8 »
2763 4384 14 15 a

2269 4401 75 23 offert,
2361 4402 92 21 samedi,
2471 4402 14 20 à
2502 4407 35 15 ses
2555 4402 78 20 fidèles
2654 4411 8 8 •<
2682 4408 83 19 suppor-

2269 4426 45 19 ters
2327 4433 17 13 m.
2357 4430 31 16 un
2403 4424 50 25 gala
2465 4426 114 23 artistique
2591 4427 24 18 et
2629 4427 99 20 musical.
2742 4429 34 20 Au

2269 4454 143 19 programme,
2437 4450 39 19 des
2502 4450 132 20 intermèdes
2661 4451 71 22 variés
2751 4462 26 4 —

2269 4474 81 20 chants
2365 4475 23 19 et
2405 4474 79 20 danses
2500 4484 26 4 —
2542 4475 23 18 et
2581 4474 82 23 l'opéra
2677 4476 99 23 comique

2269 4498 93 20 d'Adam
2377 4502 5 15 :
2400 4506 8 8 -
2422 4499 29 20 Le
2463 4498 80 19 Chalet
2557 4506 17 12 *•.

2293 4522 32 19 De
2341 4522 53 20 bout
2408 4526 29 15 en
2452 4519 62 23 bouTT
2525 4522 22 19 la
2560 4522 69 21 soirée
2642 4522 37 20 fut
2693 4523 70 21 idéale-

2269 4547 61 18 ment
2346 4546 81 19 réussie
2443 4547 24 18 et
2483 4550 24 15 ce
2521 4550 55 19 pour
2590 4546 22 19 la
2629 4546 49 23 plus
2692 4547 83 23 grande

2267 4570 44 23 Joie
2324 4570 66 21 d'une
2403 4570 120 19 assistance
2536 4570 159 22 enthousiaste.

2292 4593 94 24 Lorsque
2404 4598 54 15 nous
2488 4598 81 17 aurons
2583 4594 33 19 dit
2644 4594 79 23 qu'une
2739 4600 23 15 re-

2268 4617 65 20 doute
2351 4617 113 21 endiablée
2482 4618 67 19 servit
2566 4617 140 22 d'excellente
2721 4623 42 16 con-

2267 4641 84 20 clusion
2368 4642 14 20 à
2397 4642 58 19 cette
2473 4642 87 23 joyeuse
2575 4642 99 22 réunion,
2692 4643 15 20 il
2724 4648 50 15 sera

2266 4664 84 22 loisible
2367 4665 15 20 à
2400 4665 86 20 chacun
2516 4665 128 23 d'imaginer
2657 4666 117 24 l'agréable

2265 4689 103 19 souvenir
2380 4694 41 19 que
2435 4689 32 20 les
2481 4689 147 24 participants
2643 4695 28 15 en
2686 4695 76 19 empor-

2267 4712 79 21 tèrent.
2361 4723 26 5 —
2398 4713 21 20 J.

2354 4771 18 26 A
2395 4771 289 28 SAMBRE-ET-MEUSE

2289 4825 30 19 Le
2337 4825 68 21 cercle
2426 4832 8 10 ■
2442 4826 214 20 Sambre-et-Meuse
2665 4835 7 7 ■•
2693 4827 78 20 offrait

2265 4848 14 20 à
2292 4853 36 15 ses
2340 4849 113 21 membres,
2468 4849 84 20 samedi
2566 4849 51 22 soir,
2630 4854 29 15 au
2675 4850 95 21 Théâtre

2265 4872 105 23 Mercells,
2387 4877 43 15 une
2447 4872 101 21 brillante
2564 4873 70 20 soirée
2651 4874 120 24 artistique,

2264 4896 54 20 dont
2333 4896 20 20 le
2368 4900 144 20 programme,
2528 4897 182 23 judicieusement
2721 4898 38 20 éta-

2265 4919 29 21 bli
2316 4919 121 25 présentait
2458 4920 53 20 trois
2534 4920 141 22 charmantes
2696 4922 63 20 comé-

2263 4943 47 21 dies
2320 4948 29 15 en
2361 4948 30 16 un
2402 4944 48 19 acte
2465 4948 5 15 :
2485 4952 8 8 «
2502 4944 38 20 Tic
2550 4943 14 20 à
2574 4945 46 19 Tac
2628 4952 8 11 ■
2648 4947 27 19 de
2687 4946 82 20 Ferau-

2264 4967 29 23 dy
2322 4967 24 19 et
2377 4966 96 24 Rouché,
2503 4974 8 10 ■
2520 4967 73 21 Crime
2626 4969 126 23 passionnel
2760 4978 8 9 »

2264 4991 158 23 d'Hennequin,
2441 4991 24 19 et
2486 4999 9 9 ■«
2503 4992 29 20 Le
2554 4996 61 15 cœur
2635 4997 15 15 a
2668 4997 36 16 ses
2724 4993 35 20 rai-

2263 5019 51 15 sons
2322 5022 7 10 i
2348 5014 26 20 de
2389 5015 61 19 Fiers
2464 5016 24 18 et
2500 5015 114 20 CaiUavet.

2287 5039 42 19 Ces
2345 5038 54 20 trois
2414 5043 86 15 œuvres
2516 5039 76 19 furent
2604 5039 45 20 très
2664 5040 51 20 bien
2730 5041 27 20 dé-

2263 5062 98 20 fendues,
2383 5062 182 24 respectivement
2586 5067 42 19 par
2650 5065 54 19 MM.
2727 5066 31 19 Ar-

2263 5086 53 19 thur
2333 5086 88 19 Bender
2438 5086 24 20 et
2477 5086 74 21 André
2569 5087 119 24 Leurquin;
2709 5089 59 19 Mme

2262 5110 93 19 Derauw
2376 5110 24 18 et
2423 5110 93 21 Lebrun,
2538 5111 55 19 MM.
2617 5111 108 21 Williams
2746 5113 23 18 et

2261 5133 93 22 Bender,
2368 5134 60 19 Mme
2440 5134 93 19 Tordoir
2547 5135 25 19 et
2586 5134 110 24 Fichefet;
2714 5136 53 19 MM.

2264 5157 98 20 Warnier
2377 5158 23 18 et
2416 5158 100 18 Derauw.

2286 5181 37 19 Un
2346 5180 37 20 bal
2402 5181 105 19 continua
2532 5182 57 19 cette
2613 5182 56 20 belle
2692 5183 76 22 soirée,

2262 5204 112 24 organisée
2388 5204 28 20 de
2435 5205 61 19 main
2512 5205 26 20 de
2558 5205 78 21 maître
2656 5210 40 20 par
2714 5208 54 19 MM.

2262 5228 100 21 Dulieux.
2384 5227 118 24 président.
2525 5229 92 21 Lebrun,
2640 5230 116 24 vice-prési-

2260 5252 60 22 dent,
2331 5252 91 21 Crowet,
2433 5252 124 23 secrétaire.
2569 5253 79 24 Vilain,
2661 5253 108 25 trésorier,

2261 5276 104 21 Dandois,
2380 5276 147 20 Stlestendael
2542 5277 24 19 et
2580 5277 99 20 Tordoir.

2286 5300 30 19 M.
2334 5299 79 22 Potier,
2430 5299 113 24 président
2561 5301 27 20 de
2607 5300 22 20 la
2645 5301 123 21 fédération

2261 5323 114 22 wallonne,
2389 5323 99 20 assistait
2499 5323 14 21 à
2529 5324 57 20 oette
2600 5325 168 22 manifestation

2262 5347 120 23 artistique,
2397 5356 28 6 —
2440 5347 25 20 A.

2792 242 98 59 LA
2903 228 394 73 TRAGÉDIE

2857 316 370 41 JUDICIAIRE

2858 374 80 36 DE
2979 370 249 39 LEIPZIG

2837 459 35 30 LE
2885 458 94 30 DROIT
2992 457 40 29 DE
3045 456 35 30 SE
3093 447 158 37 DÉFENDRE

2881 502 117 30 SEMBLE
3010 494 77 36 ÊTRE
3100 490 105 39 LIMITÉ

2817 574 36 29 LE
2862 566 168 37 PRÉSIDENT
3043 563 168 37 CONSIDÈRE
3220 567 63 34 QUE

2816 617 169 30 DIMITR0FF
3002 616 37 29 EN
3057 615 70 29 FAIT
3141 613 40 30 UN
3196 611 80 30 ABUS

2815 682 93 22 Leiozig.
2922 681 13 19 2
2948 680 121 20 décembre.
3083 688 26 5 —
3123 678 42 19 Les
3179 674 78 22 débats
3271 673 29 20 du

2791 706 75 24 procès
2879 707 27 19 de
2919 705 87 24 Leipzig
3018 703 107 21 touchent
3137 702 14 19 à
3163 701 49 19 leur
3224 699 33 19 fin

2815 731 41 18 Les
2873 731 99 19 derniers
2989 728 94 21 témoins
3099 726 77 20 seront
3192 732 12 15 e
3206 723 95 20 ntenduî

2792 755 61 19 lundi
2868 756 23 21 et
2906 754 78 21 mardi,
2999 754 23 19 et
3036 753 20 19 .si
3070 755 73 16 aucun
3158 748 101 20 incident
3274 751 27 15 ne

2791 784 23 15 se
2829 779 95 24 produit,
2940 778 22 20 la
2976 776 120 26 procédure
3112 773 124 26 probatoire
3251 774 50 17 sera

2791 802 96 20 clôturée
2900 802 106 20 mercredi
3019 806 29 15 ou
3060 799 67 25 Jeudi.

2815 828 31 19 Le
2861 826 97 21 tribunal
2973 826 148 22 interrompra
3137 822 58 20 alors
3210 826 36 15 ses
3260 823 29 16 au-

2792 852 87 19 diences
2897 855 55 20 pour
2969 855 44 15 une
3031 849 102 20 huitaine
3151 847 27 20 de
3196 846 70 23 jours;
3287 847 13 15 i.

2791 880 24 15 se
2828 875 89 20 réunira
2930 876 26 19 de
2969 878 101 16 nouveau
3083 877 48 16 vers
3144 872 20 19 le
3179 871 22 18 15
3214 868 75 21 décem-

2792 901 38 18 bre
2847 904 55 19 pour
2917 899 108 20 entendre
3041 898 20 20 le
3078 895 136 25 réquisitoire
3231 895 23 18 et
3270 893 33 19 les

2793 924 125 23 plaidoiries
2928 925 23 18 et
2961 923 20 20 le
2992 922 114 24 jugement
3116 924 57 16 sera,
3182 922 54 17 sans
3247 918 43 19 dou-

2793 950 28 19 te,
2835 948 70 20 rendu
2921 952 43 15 aux
2977 947 104 20 environs
3095 946 27 19 de
3137 943 60 21 Noël.

2817 972 130 20 L'audience
2962 969 169 25 d'aujourd'hui,
3145 970 23 18 la
3182 966 120 25 quarante-

2793 996 120 22 neuvième,
2931 997 35 18 est
2983 999 79 16 encore
3078 991 118 22 consacrée
3214 991 14 20 â
3246 990 44 20 l'au-

2794 1021 70 20 dition
2884 1021 27 19 de
2931 1020 95 19 détenus
3045 1018 123 24 politiques,
3190 1017 49 19 tous
3261 1018 29 15 an-

2793 1045 60 19 ciens
2867 1044 109 20 membres
2989 1044 29 19 du
3033 1043 58 24 parti
3105 1040 153 21 communiste.
3273 1038 30 20 Ils

2793 1071 52 18 sont
2854 1068 89 24 appelés
2954 1069 14 19 à
2980 1067 91 23 déposer
3081 1071 40 17 sur
3131 1070 24 16 ce
3167 1068 42 20 que
3221 1063 69 19 l'accu-

2793 1093 73 19 sation
2883 1092 86 25 appelle
2985 1093 32 19 les
3033 1089 134 27 préparatifs
3183 1089 52 19 d'un
3251 1090 40 17 sou-

2794 1117 108 20 lèvement
2914 1115 68 20 armé.

2818 1142 68 19 Leurs
2900 1139 148 21 déclarations
3061 1139 85 19 restent
3160 1138 57 19 dans
3230 1137 21 18 le
3265 1139 25 16 ca-

2794 1166 38 19 dre
2849 1166 39 19 des
2904 1165 106 24 premiers
3027 1163 151 22 témoignages
3193 1160 111 21 entendus

2794 1190 57 22 hier;
2870 1194 31 15 en
2918 1187 96 25 général,
3032 1187 32 21 les
3082 1187 93 20 détenus
3192 1187 52 18 sont
3263 1188 28 15 au-

2794 1206 111 31 jourd'hui
2916 1214 114 22 beaucoup
3041 1211 72 21 moins
3125 1210 70 24 précis
3207 1213 41 20 que
3261 1209 43 19 lors

2794 1238 28 20 de
2843 1238 49 19 leur
2914 1236 168 23 interrogatoire
3104 1235 83 20 devant
3209 1233 21 20 le
3253 1233 51 23 juge

2795 1262 162 21 d'instruction;
2983 1260 97 20 certains
3105 1258 114 21 déclarent
3244 1256 61 20 avoir

2795 1285 35 20 été
2842 1286 44 19 mal
2898 1286 96 22 compris
3005 1290 28 15 ou
3044 1284 64 20 s'être
3121 1282 106 24 trompés;
3242 1281 50 20 d'au-

2796 1310 44 19 tres
2855 1309 64 21 enfin
2936 1309 92 20 retirent
3043 1308 117 24 purement
3176 1308 24 21 et
3214 1304 78 24 simple-

2796 1335 62 19 ment
2870 1334 49 19 leur
2933 1333 123 24 déposition
3070 1331 132 21 antérieure.

2860 1369 161 20 L'INCENDIE
3038 1368 56 19 FUT
3111 1365 127 21 FUNESTE

2907 1399 61 20 AUX
2986 1396 208 23 COMMUNISTES

2821 1436 37 19 Un
2876 1435 83 20 témoin
2978 1435 62 19 vient
3058 1437 98 21 appuyer
3174 1430 132 26 l'argument

2797 1459 93 23 invoqué
2901 1464 41 18 par
2950 1459 92 23 Torgîer

2798 1489 40 18 que
2848 1484 32 19 les
2890 1483 105 19 élections
3006 1483 29 18 du
3046 1483 11 17 5
3069 1487 60 14 mars
3141 1481 49 19 1933
3201 1481 93 18 s'annon-

2822 1508 75 22 çaient
2918 1507 175 19 favorablement
3115 1510 56 19 pour
3192 1504 32 19 les
3246 1508 47 15 com-

2823 1531 114 22 munistes,
2954 1532 36 21 qui
3026 1529 139 23 tlénloyaient
3182 1533 44 16 une
3262 1527 45 20 très

2823 1556 84 23 grande
2926 1554 89 21 activité
3035 1553 125 22 électorale;
3182 1552 56 20 mais
3257 1551 38 19 l'In-

2823 1580 77 19 cendie
2918 1580 30 19 du
2984 1578 119 21 Reichstag
3119 1577 49 19 vint
3204 1575 103 20 anéantir

2824 1603 170 23 complètement
3011 1604 49 18 tous
3076 1602 59 19 leurs
3153 1601 88 24 espoirs.

2824 1635 95 21 Lorsque
2939 1633 117 19 Dimitroff
3077 1631 86 20 déclare
3184 1630 51 24 qu'il
3257 1629 51 20 veut

2799 1662 64 19 poser
2881 1657 103 24 quelques
3002 1656 112 24 questions
3133 1660 28 15 au
3180 1653 90 23 témoin,
3289 1654 19 19 lc

2799 1681 113 24 président
2925 1681 30 20 lui
2970 1684 100 16 annonce
3085 1679 50 24 qu'il
3150 1684 28 15 ne
3193 1683 79 18 pourra
3289 1677 19 20 le

2800 1707 56 19 faire
2871 1705 101 24 qu'après
2987 1704 114 20 l'audition
3118 1704 26 19 de
3162 1703 50 21 tous
3227 1702 31 20 les
3275 1701 21 19 té-

2800 1730 77 20 moins.
2906 1730 19 19 Il
2953 1729 86 24 Justifie
3067 1728 58 20 cette
3153 1730 86 16 mesure
3269 1729 40 20 par

2801 1762 8 10 ■
2827 1755 70 19 l'abus
2913 1762 9 10 »
2940 1758 41 20 que
2997 1753 43 20 fait
3055 1751 92 21 l'accusé
3163 1751 29 20 du
3208 1750 58 20 droit
3282 1750 26 20 de

2799 1784 23 15 se
2836 1778 112 21 défendre.

2824 1813 26 4 —
2867 1804 20 18 H
2904 1802 66 23 s'agit
2988 1802 27 19 Ici
3034 1802 53 20 d'un
3105 1801 76 24 procès
3198 1801 104 24 politique

2799 1826 97 24 réplique
2912 1826 122 20 Dimitroff.
3050 1825 115 20 J'entends
3181 1830 34 14 me
3230 1824 67 21 défen-

2800 1851 39 19 dre
2855 1852 30 19 du
2901 1850 63 24 point
2980 1851 27 21 de
3023 1855 41 14 vue
3080 1849 111 23 politique.
3207 1850 30 19 Ce
3253 1847 57 22 n'est

2800 1880 40 19 pas
2855 1880 37 15 ma
2907 1875 62 19 faute
2984 1875 19 19 si
3019 1875 22 22 Je
3055 1874 46 19 suis
3117 1874 14 19 à
3145 1875 46 19 tort
3206 1872 103 25 impliqué

2800 1900 57 19 dans
2869 1899 58 19 cette
2941 1898 87 20 affaire.
3042 1899 30 19 Ce
3085 1898 57 20 n'est
3154 1902 41 20 pas
3208 1902 30 15 un
3252 1896 45 25 plai-

2800 1925 31 18 sir
2848 1928 57 19 pour
2923 1924 44 18 mol
2986 1922 68 20 d'être
3074 1923 55 19 assis
3148 1926 29 15 au
3195 1922 58 19 banc
3272 1921 38 19 des

2801 1947 95 21 accusés.
2910 1948 30 19 Ce
2953 1947 57 19 n'est
3022 1951 40 19 pas
3075 1951 39 15 ma
3126 1946 63 20 faute
3203 1950 45 15 non
3261 1945 49 24 plus

2800 1972 26 21 si,
2838 1976 53 15 avec
2904 1975 41 15 son
2959 1970 134 21 accusation,
3105 1970 21 21 le
3140 1973 120 21 procureur
3273 1968 36 21 pé-

2801 1996 62 19 nérai
2875 1996 52 19 s'est
2940 1995 92 24 préoaré
3045 1999 44 16 une
3102 1994 88 22 bouillie
3203 1993 108 23 indigeste

2801 2021 37 23 qui
2854 2024 28 15 ne
2898 2019 31 20 lui
2946 2019 104 20 convient
3064 2018 55 24 plus.
3135 2019 62 19 Dans
3214 2019 49 19 tous
3279 2017 32 19 les

2801 2049 44 18 cas,
2860 2045 22 22 je
2896 2044 47 19 suis
2958 2043 75 20 décidé
3048 2043 13 20 à
3078 2042 112 21 défendre,
3204 2046 42 20 par
3262 2042 49 19 tous

2801 2069 31 20 les
2849 2072 90 19 moyens
2955 2069 23 18 et
2994 2071 53 15 avec
3063 2067 22 19 la
3101 2065 99 21 dernière
3217 2065 87 22 énergie

2801 2097 47 15 mes
2861 2091 136 21 convictions
3010 2091 116 24 politiques
3140 2091 23 22 et
3177 2090 20 19 le
3212 2094 86 15 commu-

2802 2117 76 19 nisme.

2826 2142 29 19 Le
2869 2139 113 25 président
2996 2139 120 20 intervient
3129 2138 76 21 contre
3220 2143 24 15 ce
3259 2137 51 24 qu'il

2801 2164 112 20 considère
2932 2168 84 16 comme
3035 2168 31 15 un
3084 2164 98 19 discours
3199 2162 111 25 politinue,

2801 2190 23 19 et
2840 2189 94 20 l'avocat
2949 2188 88 24 général
3054 2188 74 23 ajoute
3145 2191 41 19 que
3202 2187 21 19 le
3240 2186 58 21 tribu-

2802 2213 38 19 nal
2856 2213 110 22 d'Empire
2982 2217 27 15 ne
3028 2212 46 20 doit
3090 2217 40 18 pas
3146 2211 46 20 être
3209 2211 20 19 le
3246 2209 52 20 théâ-

2802 2237 33 23 tre
2850 2237 27 20 de
2892 2236 124 24 l'agitation
3031 2235 151 24 communiste.
3198 2245 24 5 —
3237 2234 67 23 Belga

3342 234 147 39 BOURSE
3512 232 48 37 DE
3582 227 212 41 BRUXELLES

3468 315 75 16 COURS
3557 313 14 17 D

3576 314 12 14 i;

3604 313 78 15 TERME

3321 370 86 20 Aljustrel

3321 391 74 17 Hunquo
3416 388 84 17 Colon!»***

3615 384 57 17 113.50

3695 383 57 16 114.50

3683 404 69 15 2035.—

3782 360 49 17 425*

3774 382 58 16 114.—

3762 402 70 16 2070.—

3322 429 100 16 Hurcelona

3321 449 59 16 Druzll
3396 448 88 16 Traction

3535 445 58 16 2M.7S

3614 444 59 16 262.50

3693 423 59 15 390.25

3694 443 58 15 267.50

3773 441 31 16 262
3811 440 21 16 50

3773 460 60 17 2«5.—

3322 489 71 15 Buenos
3410 491 41 14 cap.

3323 508 71 16 Buenos
3409 508 30 14 div

3537 524 29 17 MO

3616 523 30 18 305
3654 530 20 4 —

3704 483 46 14 43-

3715 502 46 15 31.—

3695 522 58 15 302.50

3784 480 48 16 44.50

3784 500 19 15 31
3812 500 21 15 50

3774 520 31 16 303
3813 520 19 14 75

3546 545 21 15 7H

3579 551 15 4 —

3626 543 20 15 77
3653 543 20 15 50

3625 562 49 16 35.—

3697 581 56 15 153.—

3688 601 66 15 1010.—

3607 622 67 15 1320.—

3687 621 40 15 1330
3733 627 21 5 —

3618 641 56 16 165.50

3697 640 57 15 16850

3618 661 34 15 142.
3665 668 9 4 -

3697 660 57 15 141.—

3617 680 58 16 171.50

3697 679 30 15 177
3734 687 20 4 —

3697 699 57 15 126.50

3777 698 58 15 128.—

3697 718 58 16 178.50

3777 717 58 16 179.50

3325 762 138 18 Métropolitain

3325 783 69 14 Mrxlco
3408 782 56 15 Tram

3619 778 57 16 ne.—

3608 799 40 15 1065
3656 806 19 3 —

3688 798 67 15 1085.—

3325 821 71 16 Nitrato
3412 820 64 16 Rallw.

3539 818 28 16 393

3578 819 18 14 T.*.

3618 818 58 15 402.50

3697 817 58 16 403.75

3776 815 59 16 401.25

3538 857 31 16 921.

3576 865 14 4 —
3589 864 8 6 .

3618 857 58 15 950.—

3697 856 59 15 940.—

3698 876 58 15 655.—

3777 875 59 15 6C0.—

3608 896 68 15 2595.—

3687 895 69 16 2630.—

3766 895 71 15 2625.—

3324 918 100 17 Securlties
3444 917 61 19 ilïyd.1

3619 916 35 15 158.
3656 916 20 15 S0

3699 915 57 15 160.—

3777 933 59 16 797.50

3325 959 74 15 Sennah
3418 957 71 16 Rubber

3620 955 29 15 123
3657 963 20 4 —

3700 954 28 15 124
3736 953 20 16 50

3779 953 58 16 124.—

3619 975 58 15 426.25

3698 974 58 15 427.50

3325 999 54 15 .Sidro
3395 998 38 16 il/5
3448 996 46 16 ord.)

3325 1018 76 17 Soengol
3420 1017 63 18 Llpoet

3619 1014 58 15 607.50

3698 1013 31 16 615
3737 1021 19 4 —

3325 1036 121 20 Tanganylka

3629 1034 48 15 86.—

3326 1077 29 15 Tr.
3368 1076 46 15 Elec.
3427 1076 39 15 Gaz
3478 1075 36 15 div.

3698 1072 58 16 461.25

3778 1072 58 14 465.—

3325 1095 67 16 Tubize
3411 1095 46 19 priv.

3619 1093 30 15 213
3657 1093 20 15 75

3698 1092 59 15 216.25

3326 1115 60 16 Union
3403 1115 45 15 Min.
3466 1114 47 19 pr!v.

3688 1112 69 15 3055.—

3326 1134 127 19 Wagons-Lits
3466 1134 40 16 ord.

3348 1194 194 38 BOURSE
3571 1193 111 37 D'AN

3688 1191 66 36 VE

3687 1265 55 15 mbrr.

3762 1189 52 38 RS

3579 1268 16 13 Hi

3617 1267 11 14 2
3642 1265 41 16 déc*

3762 1273 16 4 -
3793 1264 46 15 Br*-

3328 1289 55 16 ziMnn
3395 1289 94 17 Traction.
3501 1287 70 16 265-2G"

3580 1287 19 15 50

3620 1284 99 18 Securlties
3730 1285 60 17 Corp..
3804 1283 35 16 15».

2922 2291 260 36 PREMIÈRE

2812 2338 479 37 REPRÉSENTATION

2801 2414 134 19 THEATRE
2947 2413 37 19 DE
2997 2414 36 18 LA
3046 2413 138 19 MONNAIE.
3196 2422 25 4 —
3232 2411 67 24 Repri

2825 2442 25 18 Se
2862 2438 27 19 de
2902 2446 9 8 «
2926 2437 125 22 Lohengrin
3066 2444 16 15 «,
3094 2436 65 24 opéra
3173 2436 138 22 romantique

2825 2467 31 14 en
2869 2461 54 20 trois
2935 2461 60 20 actes
3007 2463 24 18 et
3042 2462 77 20 quatre
3132 2460 112 22 tableaux;
3257 2458 42 26 poè-

2826 2490 37 16 me
2881 2488 23 18 e:
2924 2486 99 23 musique
3042 2486 26 19 de
3087 2485 99 20 Richard
3205 2485 103 22 Wagner;

2827 2510 127 19 traduction
2970 2509 109 23 française
3095 2510 27 19 de
3139 2508 92 21 Charles
3246 2508 64 21 Nuit-

2826 2534 42 20 ter.

2826 2583 59 20 Pour
2904 2583 23 21 la
2946 2583 86 21 rentrée
3050 2584 28 19 de
3097 2584 31 19 M.
3148 2582 162 24 Rogachewsk'*

2801 2607 21 20 le
2839 2607 44 21 très
2899 2608 77 20 artiste
2994 2607 64 20 ténor
3073 2607 57 20 aimé
3147 2607 30 20 du
3193 2607 79 24 public,
3289 2607 20 18 la

2801 2632 109 19 direction
2924 2636 13 15 a
2951 2632 44 20 fait
3009 2637 43 15 une
3066 2632 82 23 reprise
3163 2631 26 20 de
3223 2631 87 19 Lohen-

2801 2655 51 24 grin
2864 2665 13 12 -,
2890 2660 75 15 œuvre
2978 2656 29 21 ds
3022 2655 21 20 la
3059 2655 92 21 seconde
3167 2655 98 20 manière
3280 2655 31 19 du

2801 2679 80 20 maître
2900 2680 27 19 de
2945 2680 120 23 Bayreuth.
3083 2680 24 19 et
3123 2680 59 19 l'une
3200 2680 27 19 de
3246 2679 65 20 celles

2802 2707 42 19 que
2858 2703 20 20 le
2894 2704 71 22 grand
2981 2703 71 25 public
3068 2704 137 19 affectionne
3220 2703 20 20 le
3256 2703 55 24 plus.

2802 2727 174 20 L'affabulation
2996 2727 95 22 inspirée
3110 2732 42 19 par
3171 2728 31 19 les
3221 2726 77 21 chroni-

2802 2756 53 19 ques
2872 2751 88 24 épiques
2977 2752 27 20 de
3022 2751 108 20 Wolfram
3147 2751 164 20 d'Eschenbach

2803 2777 23 18 et
2847 2776 87 19 Conrad
2954 2776 28 22 de
3002 2776 135 23 Wurzbourg
3155 2776 36 19 est
3210 2780 43 15 une
3273 2775 39 19 des

2802 2800 51 23 plus
2868 2799 120 24 poétiques,
3004 2800 39 19 des
3059 2800 51 23 plus
3126 2799 133 20 touchantes
3275 2798 37 24 qui

2804 2824 33 19 ait
2852 2823 37 21 été
2905 2823 121 24 imaginées
3043 2828 41 20 par
3100 2824 32 19 les
3150 2822 117 22 trouvères.
3284 2823 28 19 Se.

2804 2848 131 20 rattachant
2948 2852 31 15 au
2992 2848 59 22 cycle
3067 2848 27 20 de
3109 2847 22 20 la
3145 2847 69 20 Table
3229 2847 84 20 Ronde,

2804 2872 41 21 elle
2857 2872 52 20 n'en
2923 2873 35 19 est
2971 2876 41 20 que
3026 2872 51 24 plus
3090 2871 131 21 attachante
3237 2875 40 21 par
3292 2871 20 20 le

2802 2896 104 20 souvenir
2928 2896 27 21 de
2980 2905 8 7 «
2997 2895 95 20 ParsifaJ
3101 2904 17 14 »,
3140 2899 42 20 que
3207 2903 9 9 «
3224 2895 87 20 Lohen-

2803 2920 50 22 ■ffrin
2860 2929 9 8 •-
2892 2920 82 20 semble
2996 2920 101 25 préfacer
3117 2921 24 19 et
3162 2920 37 23 qui
3219 2924 52 16 sera
3291 2919 21 19 le

2802 2945 175 19 couronnement
3004 2945 39 20 des
3069 2943 141 25 conceptions
3236 2943 62 25 prodi

2803 2969 85 23 gieuses
2903 2970 29 20 de
2949 2969 102 24 Wagner.

2827 2999 30 20 Le
2876 2998 47 22 rôle
2943 2999 28 20 de
2991 2998 126 23 Lohengrin
3137 2999 37 19 fut
3194 2998 83 21 chanté
3297 2996 14 21 à

2803 3023 112 20 Bruxelles
2926 3027 43 20 par
2978 3022 27 20 de
3017 3023 121 19 nombreux
3150 3022 96 23 artistes,
3257 3022 54 21 dont

2802 3047 114 24 beaucoup
2933 3047 28 20 de
2980 3047 94 24 premier
3092 3047 59 23 plan.
3170 3046 142 20 Néanmoins,

2803 3071 20 20 le
2844 3075 137 20 personnage
3003 3072 34 20 est
3057 3070 205 21 indissolublement
3282 3069 30 21 lié

2801 3095 17 20 è.
2834 3096 24 19 la
2876 3095 64 21 noble
2957 3097 25 18 et
3000 3095 132 20 inoubliable
3151 3094 161 24 interpréation

2801 3121 66 22 qu'en
2883 3120 75 20 donna
2971 3120 59 23 jadis
3043 3120 20 20 le
3079 3118 64 21 ténor
3156 3118 62 24 belge
3232 3120 79 19 Ernest

2803 3145 50 19 Van
2866 3144 68 23 Dyck.
2949 3144 57 20 Sans
3020 3143 62 20 avoir
3096 3143 115 24 l'ampleur
3224 3143 74 21 d'orea

2803 3172 29 16 ne
2853 3167 29 21 de
2903 3173 25 15 ce
2952 3168 93 21 dernier,
3068 3168 24 19 ni
3113 3173 26 15 sa
3162 3168 149 22 majestueuse

2803 3192 102 22 autorité,
2924 3193 31 19 M.
2975 3192 164 23 Rogachewsky
3160 3194 100 20 composs
3281 3194 31 16 un

2802 3216 127 23 Lohengrin
2948 3217 65 19 d'une
3036 3215 69 21 allure
3126 3214 46 22 très
3193 3216 106 19 aristecra

2804 3241 65 27 tique,
2882 3241 53 20 d'un
2947 3240 122 20 sentiment
3081 3240 108 20 exoressif
3202 3239 66 21 élevé.
3281 3240 30 19 Sa

2802 3268 50 15 voix
2867 3263 103 20 conduite
2984 3267 52 16 avec
3051 3263 39 19 des
3106 3262 152 20 demi-teintes
3274 3266 26 15 ca-

2802 3289 110 18 ressantes
2941 3288 74 20 donne
3033 3291 43 17 une
3106 3287 87 19 intense
3211 3286 72 23 poésie
3299 3286 13 18 à

2801 3312 96 20 l'action.
2913 3312 142 21 Néanmoins,
3069 3311 16 19 il
3102 3311 118 23 paraissait
3237 3310 75 24 grippé

2802 3337 22 19 et
2840 3341 43 18 peu
2897 3341 29 15 en
2938 3336 123 23 possession
3074 3335 28 20 de
3117 3340 35 15 ses
3167 3339 90 19 moyens
3269 3334 31 20 ha

2802 3361 86 19 bituels.

2826 3391 55 20 Mlle
2896 3391 100 20 Bonavia
3011 3390 63 25 prête
3091 3395 29 16 au
3134 3390 46 20 rôle
3195 3390 72 20 d'Eisa
3283 3392 28 17 de

2802 3415 101 20 Brabant
2917 3419 45 16 une
2978 3415 52 24 jolie
3046 3415 71 20 teinte
3131 3415 29 19 de
3176 3413 133 21 mélancolie,

2801 3440 43 20 elle
2858 3439 83 24 dégage
2957 3440 51 19 tant
3021 3443 42 21 par
3077 3440 23 19 la
3114 3440 51 18 voix
3178 3443 43 19 que
3235 3442 41 20 par
3290 3439 21 18 le

2802 3463 67 24 ■geste,
2884 3467 54 16 avec
2955 3463 72 24 poésie
3043 3464 25 19 et
3084 3463 104 23 émotion,
3204 3462 33 23 les
3252 3462 59 21 états

2800 3488 73 20 d'âme
2888 3488 96 23 inquiets
2998 3488 28 20 de
3042 3487 113 21 l'héroïne.

2826 3518 61 19 Mme
2902 3516 118 24 Georgette
3035 3518 58 19 Caro
3106 3517 37 20 fut
3156 3520 44 17 une
3215 3515 95 22 Ortrude

2802 3541 53 20 d'un
2873 3541 103 24 puissant
2994 3542 79 19 accent
3091 3540 146 23 dramatique.
3256 3540 55 20 Voix

2801 3564 107 24 dépensée
2921 3569 53 14 avec
2985 3564 128 23 générosité,
3126 3563 144 23 composition
3285 3563 26 20 de

2802 3593 23 15 ce
2844 3592 136 19 personnage
2997 3588 86 19 sombre
3099 3588 22 19 et
3138 3588 106 21 farouche
3259 3592 53 15 avec

2801 3613 50 19 tout
2867 3612 20 21 le
2901 3612 65 19 relief
2981 3616 42 19 que
3039 3612 54 23 peut
3108 3612 84 19 donner
3207 3616 32 16 un
3255 3611 55 20 beau

2801 3636 162 24 tempérament
2977 3636 26 20 de
3020 3635 149 24 tragédienne.

2826 3663 31 19 M.
2872 3662 99 21 Richard
2986 3666 15 15 a
3015 3661 78 21 réalisé
3110 3662 65 19 d'une
3189 3660 56 21 belle
3260 3661 50 20 voix

2801 3686 21 20 le
2841 3686 46 20 rôle
2906 3686 31 20 du
2956 3685 79 21 traître
3055 3684 141 21 Telramund.
3214 3686 31 19 M.
3265 3686 44 19 De-

2801 3710 85 19 moulin
2908 3709 74 21 rendit
3004 3714 53 16 avec
3078 3709 86 23 dignité
3185 3709 32 21 les
3239 3708 59 21 inter-

2801 3734 102 20 ventions
2919 3734 31 20 du
2966 3736 32 19 roi
3016 3734 69 19 Henri
3102 3732 121 24 l'Oiseleur,
3238 3735 25 19 et
3279 3734 31 19 M.

2801 3759 69 22 Sales,
2884 3759 37 19 fut
2933 3763 32 16 un
2979 3757 82 21 héraut
3073 3757 142 21 claironnant
3230 3758 14 20 à
3257 3761 40 17 sou-

2801 3783 55 20 hait.

2825 3813 32 19 M.
2870 3812 80 20 Bastin
2964 3811 102 24 dirigeait
3077 3811 127 21 l'orchestre
3217 3816 53 16 avec
3283 3815 25 17 sa

2801 3836 140 23 compétence
2965 3836 126 20 habituelle.
3115 3837 64 22 Cette
3202 3836 106 24 partition

2800 3861 20 19 si
2844 3860 128 23 mélodique,
2994 3860 20 20 si
3038 3860 96 23 vivante,
3157 3861 20 19 si
3201 3859 108 26 poétique,

2801 3884 79 20 trouva
2896 3889 29 15 en
2940 3884 31 20 lui
2987 3889 32 15 un
3034 3884 136 20 conducteur
3185 3883 125 25 intelligent

2800 3909 24 19 et
2841 3908 84 20 artiste.
2941 3910 30 19 Le
2989 3907 90 25 prélude
3096 3909 37 19 fut
3150 3907 89 21 détaillé
3256 3912 53 16 avec

2801 3936 44 18 une
2860 3932 88 24 exquise
2967 3932 117 24 gradation
3099 3934 25 19 et
3139 3932 32 20 lui
3188 3932 62 20 valut
3265 3936 43 16 une

2800 3956 60 20 salve
2874 3956 241 24 d'applaudissements.

2824 3979 61 22 Bref,
2903 3983 43 16 une
2964 3979 145 21 intéressante
3126 3979 76 20 soirée.

3100 4004 74 21 Pierre
3187 4003 96 24 d'Angle»

2884 4078 54 28 LES
2956 4079 137 26 CHANGES
3111 4080 15 25 A
3144 4079 86 26 PARIS

2823 4153 101 16 Ouverture
2939 4154 23 15 du
2978 4155 10 15 2
3004 4153 98 17 décembre.
3117 4162 22 4 —
3152 4154 85 17 Londres.
3253 4155 25 15 84.
3280 4155 25 15 -10;

2801 4172 106 18 New-York,
2921 4173 53 18 16.22;
2987 4173 108 18 Allemagne.
3109 4182 20 4 —
3131 4176 5 15 ;
3149 4173 91 19 Belgique,
3251 4174 35 16 355.
3290 4175 16 14 ir

2801 4192 81 17 Canada,
2904 4200 21 4 —
2927 4196 4 13 ;
2954 4192 109 19 Danemark,
3085 4200 21 4 —
3108 4196 5 14 ;
3135 4193 87 18 Espagne,
3247 4192 11 19 1
3263 4193 43 16 3.75;

2801 4211 94 18 Finlande,
2908 4219 21 3 —
2931 4215 5 12 ;
2952 4211 62 18 Grèce.
3029 4219 20 4 —
3052 4215 4 14 ;
3071 4211 94 18 Hollande.
3179 4221 21 4 —
3202 4215 5 15 ;
3222 4212 85 17 HonKrii*.

2800 4237 21 3 —
2824 4233 4 13 ;
2840 4230 59 18 Italie,
2912 4230 64 17 134.50;
2988 4230 85 19 Norvège,
3082 4239 21 3 —
3106 4234 4 14 ;
3122 4231 92 17 Varsovie.
3225 4239 21 4 —
3248 4234 5 13 ;
3264 4232 35 15 Por-

2801 4248 56 20 tugal.
2870 4256 21 4 —
2893 4253 4 12 ;
2910 4250 75 17 Prague,
2998 4257 21 3 —
3021 4254 5 14 ;
3039 4250 106 18 Roumanie,
3157 4258 21 4 —
3180 4254 4 12 ;
3198 4250 67 18 Serbie.
3279 4259 19 4 —
3302 4254 4 14 ;

2800 4267 63 18 Suède.
2877 4276 20 4 —
2900 4271 4 15 ;
2918 4269 67 17 Suisse,
2999 4269 63 16 494.75:
3077 4269 73 16 Vienne.
3164 4278 20 3 —
3185 4280 5 5 .

2821 4287 73 15 Clôture
2914 4288 24 15 da
2958 4288 10 15 Z
2988 4287 98 17 décembre.
3106 4297 21 3 —
3147 4288 85 18 Londres.
3251 4289 53 17 84.80;

2799 4306 106 19 N?vr-*york,
2917 4307 53 15 16.3?:
2983 4306 109 20 Allemagne.
3104 4317 22 3 —
3128 4312 4 12 :
3145 4308 92 18 Belgique,
3249 4308 58 16 355.53

2800 4326 81 18 Canada,
2900 4335 21 3 —
2923 4330 4 13 ;
2946 4327 110 17 Danemark.
3076 4335 20 4 —
3099 4331 4 11 :
3123 4328 88 18 Espagne.
3231 4327 74 17 208.625;

2800 4345 95 19 Pnllande,
2909 4353 20 4 —
2932 4349 5 14 :
2953 4346 64 17 Grèr-e.
3033 4355 21 3 —
3056 4350 5 11 :
3078 4346 95 19 Hollande,
3192 4347 46 15 1029:
3257 4347 40 15 Hon-

2799 4365 44 18 grie.
2854 4373 21 3 —
2877 4368 5 15 ;
2894 4365 60 18 Italie.
2968 4366 63 15 134.80;
3043 4366 85 18 Norvège,
3140 4371 27 12 _;
3179 4367 91 16 Varsovie.
3278 4375 20 3 —
3301 4371 4 12 ;

2799 4384 92 19 Portugal,
2908 4393 21 4 —
2931 4389 5 12 ;
2955 4385 74 18 Prague.
3047 4393 21 4 —
3070 4389 5 14 ;
3093 4386 107 17 Roumanie.
3217 4395 21 4 —
3240 4390 4 13 ;
3263 4387 33 14 Ser-

2799 4403 36 19 bie,
2847 4412 21 4 —
2870 4407 4 13 ;
2888 4404 64 18 Suède,
2965 4412 21 4 —
2988 4410 5 13 ;
3006 4405 67 18 Suisse.
3085 4406 75 18 495.125;
3172 4406 74 18 Vienne.
3258 4414 21 4 —
3279 4416 6 5 .

2815 4459 169 30 SOCIETE
3005 4461 75 29 DES
3103 4461 185 31 CHEMINS

2888 4503 53 29 DE
2964 4504 76 29 FER
3063 4505 74 29 BEL
3138 4505 77 30 GES

2818 4563 130 17 EXCURSION
2966 4564 29 16 DE
3014 4565 62 15 DEUX
3093 4566 72 16 JOURS
3183 4567 15 15 A
3217 4567 65 16 PARIS

2948 4584 29 15 ET
2990 4584 13 15 A
3016 4585 135 16 VERSAILLES

2816 4633 26 17 La
2855 4633 71 16 Société
2938 4634 97 16 Nationale
3048 4634 32 16 des
3092 4635 82 16 chemins
3187 4636 23 16 de
3223 4637 29 16 ter
3265 4637 27 16 bel-

2796 4655 30 16 ges
2840 4653 84 18 organise
2938 4656 46 15 pour
2997 4653 26 16 les
3036 4654 51 15 24-25
3100 4655 93 16 décembre
3207 4657 94 17 prochain,

2796 4675 36 12 une
2847 4673 96 15 excursion
2958 4676 34 15 par
3008 4674 51 15 train
3073 4674 69 19 spécial
3157 4675 11 15 à
3184 4676 42 18 prix
3242 4676 60 16 réduit

2796 4691 11 15 à
2821 4692 52 15 Paris
2887 4694 19 13 et
2919 4692 11 15 k
2945 4692 102 16 Versailles.

2815 4711 25 17 Le
2855 4711 50 16 train
2920 4712 72 17 partira
3008 4712 177 20 d'Anvers-Central,
3202 4714 17 16 le
3234 4715 20 15 24
3270 4716 22 15 dé-

2795 4730 76 17 cembre,
2891 4731 11 14 à
2920 4731 10 15 5
2948 4730 18 16 h.
2987 4732 19 14 10
3023 4733 19 14 et
3060 4732 40 16 fera
3118 4733 51 16 arrêt
3187 4734 11 15 â
3217 4735 77 16 Malines

2794 4749 120 17 Schaerbeek.
2929 4750 94 17 Bruxelles
3040 4752 60 17 (Midi)
3122 4752 72 18 (départ
3209 4754 11 15 6
3235 4754 18 16 h.
3270 4755 28 16 201

2794 4770 19 14 et
2829 4769 58 16 Mons.

2814 4788 34 16 Les
2861 4789 154 16 excursionnistes
3029 4791 66 16 auront
3110 4791 96 17 l'occasion
3220 4792 23 16 de
3256 4793 34 15 visi-

2795 4808 28 15 ter
2834 4808 52 15 Paris
2897 4809 19 14 et
2928 4808 96 17 Versailles
3035 4813 23 12 en
3070 4812 81 16 autocar,
3164 4814 44 13 avec
3220 4812 58 18 guide.

2815 4827 42 15 Prix
2868 4827 32 16 des
2910 4828 60 15 billets
2983 4832 5 11 :
2999 4832 24 12 au
3034 4829 65 17 départ
3110 4830 69 16 d'Alost
3192 4834 4 12 :
3210 4832 56 14 129.10
3276 4835 22 12 en

2794 4846 20 15 2e
2825 4846 58 16 classe
2895 4848 18 14 et
2924 4847 47 15 80.60
2982 4851 22 12 cn
3016 4848 20 16 3e
3046 4849 65 18 classe;
3124 4850 87 15 d'Anvera
3224 4853 5 13 :
3243 4851 56 16 137.10

2794 4868 23 13 en
2835 4866 20 15 2e
2872 4866 59 16 classe
2948 4867 19 15 et
2985 4867 47 16 85.10
3050 4871 22 12 en
3090 4869 20 16 3c
3128 4869 65 17 classe:
3212 4869 22 16 de
3252 4870 36 15 Bru-

2794 4884 55 17 xelles
2867 4885 60 17 (Midi)
2945 4889 6 12 :
2966 4886 58 16 116.10
3038 4890 23 13 en
3074 4888 21 15 2e
3109 4887 58 17 classe
3181 4890 19 14 et
3214 4889 46 16 73.10
3275 4893 23 12 cn

2793 4904 21 16 3e
2826 4903 63 17 classe.

2813 4923 37 16 Des
2869 4923 66 19 billets,
2954 4924 47 16 bons
3020 4928 46 15 pour
3085 4926 27 16 les
3131 4928 125 16 exercursions
3275 4932 22 12 en

2793 4943 78 15 autocar
2884 4944 19 16 et
2916 4947 46 15 pour
2976 4944 26 16 les
3016 4944 96 19 déjeuners
3129 4947 61 18 'repas
3204 4947 23 15 du
3244 4948 51 16 midi)

2792 4963 44 14 sont
2853 4965 23 13 en
2895 4963 54 15 vente
2966 4963 12 15 k
2996 4964 51 15 toute
3065 4966 69 15 station
3152 4966 22 15 de
3191 4966 19 16 Ja
3227 4967 70 16 Société

2793 4981 102 16 Nationale.
3123 4985 151 18 (Communiqué.)

3327 1337 53 56 Le
3399 1335 218 57 deuxième
3629 1334 114 67 jour,
3762 1344 78 45 son

3327 1412 149 57 rhume
3513 1410 116 57 avait
3665 1409 176 67 disparu

3354 1513 103 19 Madame
3481 1511 116 21 Montfort.
3621 1511 30 21 18,
3673 1514 38 15 rue
3733 1509 108 22 Delimoy,

3329 1537 90 20 Namur,
3436 1535 61 19 avait
3514 1539 30 14 un
3560 1534 78 19 rhume
3656 1532 123 20 accablant.
3795 1531 48 20 Elle

3329 1560 77 19 décida
3419 1559 108 22 d'essayer
3541 1558 20 20 le
3575 1558 65 19 Vicks
3654 1556 119 22 VapoRub.
3787 1556 56 19 dont

3329 1584 40 19 elle
3391 1583 61 20 avait
3473 1582 97 20 entendu
3588 1581 74 24 parler
3678 1581 19 19 si
3717 1580 94 19 .souvent
3834 1582 6 15 :

3331 1617 7 7 "
3355 1609 26 17 Je
3399 1607 48 19 dois
3464 1607 46 19 dire
3529 1606 50 19 bien
3597 1605 147 19 sincèrement
3762 1608 41 19 que
3822 1604 21 17 le

3331 1633 93 20 résultat
3449 1633 44 19 m'a
3518 1631 96 24 surprise
3629 1639 17 13 »,
3671 1629 27 21 dé
3700 1630 19 18 cl
3721 1634 37 15 are
3760 1630 45 19 -t-e
3807 1628 35 22 lie.

3331 1665 8 6 ■<
3353 1656 43 19 J'ai
3411 1655 43 20 fait
3469 1655 78 20 fondre
3564 1659 42 14 unc
3622 1652 100 21 cuillerée
3738 1652 27 21 de
3781 1653 61 18 votre

3330 1679 98 22 onguent
3443 1679 57 19 dans
3515 1678 26 21 de
3555 1678 55 19 l'eau
3624 1677 85 20 chaude
3723 1677 24 19 et
3761 1676 45 23 j'en
3820 1676 22 18 ai

3331 1704 74 19 inhalé
3428 1703 32 19 les
3483 1706 99 19 vapeurs.
3605 1702 31 19 La
3660 1701 55 21 nuit,
3738 1701 22 22 je
3784 1700 58 18 m'en

3330 1728 45 19 suis
3388 1727 119 20 frictionné
3520 1726 22 19 la
3556 1731 65 18 gorge
3633 1727 24 18 et
3669 1726 21 19 la
3704 1724 101 24 poitrine,
3819 1724 24 18 et

3330 1752 44 23 j'en
3393 1752 22 19 ai
3434 1751 79 19 enduit
3531 1754 31 15 un
3583 1754 41 19 peu
3645 1754 47 15 mes
3711 1749 70 19 fosses
3800 1752 30 15 na-

3330 1776 63 19 sales.
3410 1776 29 19 Ce
3454 1775 135 21 traitement,
3603 1774 21 23 je
3639 1774 36 19 l'ai
3691 1772 74 24 répété
3780 1773 29 19 et.
3822 1772 21 18 le

3330 1799 170 20 surlendemain,
3515 1798 73 23 j'étais
3603 1797 171 23 complètement
3789 1796 42 22 gué-

3331 1824 37 20 rie.
3388 1832 9 9 »

3412 1853 118 20 Pommade
3546 1853 14 19 à
3579 1852 78 20 double
3675 1851 81 20 action.

3356 1882 126 20 Frictionné
3495 1887 39 14 sur
3545 1882 22 19 la
3580 1886 62 19 peau,
3656 1881 20 19 le
3691 1880 65 20 Vicks
3769 1880 62 23 Vapo-

3332 1907 49 20 Rub
3397 1907 47 23 agit
3458 1907 26 19 de
3500 1906 57 19 deux
3573 1907 77 21 façons
3665 1906 14 19 à
3692 1905 21 19 la
3726 1904 44 20 fols
3786 1908 6 16 :

3357 1932 20 18 lt
3400 1931 40 19 Ses
3461 1935 93 18 vapeurs
3574 1929 191 22 médicamentées,
3782 1928 49 19 vola-

3333 1955 81 20 tilisées
3429 1955 14 19 à
3460 1955 21 19 la
3497 1954 91 19 chaleur
3602 1954 29 19 du
3646 1957 64 19 corps
3726 1953 24 19 et
3767 1952 65 19 absor-

3332 1979 50 20 bées
3399 1983 41 19 par
3458 1979 83 22 chaque
3559 1978 88 19 haleine
3662 1977 57 20 dans
3735 1977 32 19 les
3785 1976 60 20 voies

3332 2003 151 23 respiratoires
3514 2001 151 23 enflammées,
3684 2000 110 28 dégagent
3812 2000 33 19 les

3332 2027 117 19 mucosités
3463 2027 23 19 et
3500 2026 111 19 facilitent
3627 2026 21 19 la
3664 2024 140 24 respiration.

3358 2051 21 19 2)
3399 2051 34 19 En
3450 2051 70 19 même
3536 2051 78 22 temps,
3632 2049 14 19 il
3665 2049 46 23 agit
3728 2049 14 20 â
3759 2049 85 18 travers

3333 2075 21 19 la
3373 2079 57 19 poau
3449 2079 84 15 comme
3552 2078 31 15 un
3602 2073 135 24 cataplasme
3755 2073 24 19 et
3795 2072 49 20 aide

3332 2099 31 19 les
3377 2103 93 18 vapeurs
3486 2098 99 21 inhalées
3601 2097 14 20 à
3631 2096 108 24 disperser
3755 2097 22 19 la
3791 2100 41 16 con-

3333 2123 91 23 gestion.

3357 2148 40 18 Les
3423 2147 70 19 mères
3522 2146 27 20 de
3579 2145 83 20 famille
3692 2145 104 19 trouvent
3824 2144 21 19 le

3332 2171 65 20 Vicks
3423 2171 112 23 VapoRub
3565 2169 203 24 particulièrement
3790 2168 43 20 effi-

3332 2200 51 16 cace
3398 2196 76 19 contre
3490 2195 31 19 les
3536 2194 90 19 rhumes
3640 2193 118 22 d'enfants,
3775 2197 38 16 car
3828 2193 17 19 il

3332 2219 64 23 s'agit
3418 2219 52 20 d'un
3493 2218 129 21 traitement
3644 2218 90 19 externe
3756 2217 30 22 et,
3804 2220 41 16 Dar

3333 2243 139 24 conséquent,
3487 2247 28 15 ne
3530 2243 53 22 peut
3595 2246 40 19 pas
3648 2241 109 23 déranger
3771 2241 62 19 l'esto-

3334 2272 48 15 mac
3395 2267 19 20 le
3429 2267 50 23 plus
3494 2266 87 20 délicat,
3596 2270 83 15 comme
3693 2265 21 20 le
3730 2265 44 20 fait
3789 2264 43 20 l'ab-

3332 2292 99 22 sorption
3444 2291 89 19 abusive
3546 2290 39 20 des
3598 2290 99 22 drogues.

3357 2317 62 18 Dans
3435 2315 73 19 toutes
3523 2315 32 18 les
3571 2314 146 23 pharmacies,
3731 2314 24 19 14
3769 2313 77 19 francs

3334 2340 19 20 le
3368 2340 47 23 pot;
3432 2340 19 19 le
3465 2339 78 20 double
3559 2339 45 23 pot,
3617 2339 23 18 21
3657 2338 82 19 francs.

3728 2477 33 19 (21
3775 2476 70 20 D1615

3352 2522 251 75 Bronchites
3630 2520 195 83 (251)

3432 2614 103 45 Toux
3557 2640 14 9 -
3592 2613 156 46 Asthme

3354 2677 88 15 Améliora
3445 2676 38 16 lion
3505 2676 64 19 rapide
3591 2677 18 14 ri
3631 2675 85 19 guérison
3738 2679 34 14 par
3794 2674 27 16 les

3354 2697 78 15 célèbres
3446 2695 81 17 remèdes
3541 2695 87 17 DéGéDa.
3642 2696 11 15 i
3667 2696 44 14 base
3724 2694 97 16 d'extraits

3395 2716 22 15 de
3438 2716 78 18 plante-*,
3537 2715 114 15 absolument
3673 2714 105 16 iuoflrnsifs

3334 2743 50 14 Dem.
3396 2742 43 15 cire.
3450 2742 48 17 grat.
3510 2741 19 15 P.
3541 2741 25 18 21.
3580 2744 42 11 avoc
3634 2743 81 15 preuves,
3728 2743 24 12 au
3765 2739 76 18 déposlt.

3334 2761 32 16 Ph.
3377 2762 26 14 De
3414 2761 102 15 Viddeleer.
3527 2764 33 12 rue
3569 2760 23 16 du
3603 2760 65 16 Triine.
3679 2760 26 16 31.
3715 2759 74 16 Bruxell
3789 2762 25 12 es.
3824 2758 17 17 Cl

3380 2796 190 45 Comment
3594 2802 133 38 metire
3747 2798 53 41 tin

3347 2867 23 38 à
3384 2876 67 29 vos
3470 2876 110 28 maux
3601 2857 202 46 d'estomac
3813 2855 19 47 ?

3334 2947 135 16 SOUMETTEZ
3480 2947 28 16 CE
3519 2946 94 16 REMEDE
3624 2946 15 15 A
3651 2946 75 15 VOTRE
3739 2944 103 17 MEDECIN

3354 2973 19 15 SI
3387 2976 44 12 vous
3445 2975 43 12 avez
3501 2972 23 15 de
3537 2971 81 16 l'acidité
3631 2971 105 16 stomacale,
3750 2971 33 15 des
3796 2971 36 15 dou-

3334 2992 49 16 leurs
3405 2991 54 18 après
3482 2992 26 15 les
3530 2994 59 15 repas,
3613 2990 23 16 de
3658 2990 129 17 l'aérophagie,
3810 2989 32 16 des

3333 3015 83 13 crampes
3430 3011 104 16 d'estomac.
3549 3010 99 16 dennnJ?z
3662 3010 12 15 à
3688 3011 51 14 votre
3754 3010 78 17 pharma-

3334 3031 40 16 cien
3393 3034 25 13 un
3437 3031 62 15 flacon
3518 3031 22 14 de
3560 3030 92 15 POUDRE
3670 3030 107 15 MACLEAN
3796 3032 46 13 Pour

3333 3051 94 15 l'estomac
3445 3051 26 15 La
3485 3049 76 17 formule
3574 3049 84 16 M.iclean
3670 3050 29 15 est
3710 3052 72 13 connue
3794 3049 48 15 dans

3334 3072 60 13 toutes
3410 3070 26 15 les
3451 3069 89 17 c!in<qucs
3554 3070 20 15 et
3590 3069 26 15 les
3632 3069 94 19 hôpitaux,
3743 3069 49 15 ainsi
3807 3071 35 14 qjs

3333 3089 23 16 de
3376 3091 41 15 tout
3436 3089 88 16 médecin.
3545 3089 83 19 Partout,
3649 3089 64 18 depuis
3733 3088 108 18 longtemps,

3333 3109 34 16 elle
3384 3110 28 15 est
3428 3108 92 19 employée
3537 3111 43 13 avec
3598 3111 25 12 :in
3640 3108 62 16 succès
3719 3107 122 16 merveilleux,

3333 3132 32 12 sur
3382 3128 19 16 la
3419 3128 122 18 prescription
3559 3128 32 15 des
3609 3128 90 17 docteurs,
3718 3127 58 16 même
3795 3127 47 16 dans

3335 3148 25 15 les
3374 3151 32 12 cas
3421 3147 88 16 d'ulcères
3524 3147 12 16 à
3550 3147 94 16 l'estomac
3658 3148 19 14 et
3692 3150 24 12 au
3732 3146 109 17 duodénum.

3334 3167 123 18 Maintenant,
3475 3170 45 13 vous
3538 3170 68 15 pouvex
3623 3167 73 15 obtenir
3714 3166 18 16 la
3750 3166 93 16 POUDRE

3334 3187 106 16 MACLEAN
3456 3190 45 14 pour
3517 3187 94 15 l'estomac
3628 3187 51 14 toute
3694 3185 88 17 préparée
3798 3185 44 17 chez

3334 3208 50 16 votre
3401 3206 126 19 pharmacien.

3354 3226 54 15 Point
3422 3226 47 15 n'est
3482 3226 63 15 besoin
3559 3225 22 17 de
3594 3225 78 16 souffrir
3685 3225 42 19 plus
3740 3224 102 19 longtemps

3334 3245 31 16 des
3385 3247 81 14 tortures
3484 3247 19 14 et
3523 3245 32 16 des
3573 3245 86 16 malices
3677 3244 65 16 causés
3762 3248 34 15 par
3815 3245 28 15 les

3333 3268 84 14 crampes
3433 3265 104 17 d'estomac,
3554 3264 20 16 la
3590 3268 34 14 pom
3627 3265 31 14 .Ire
3681 3265 100 14 .IACLEAN
3797 3267 46 13 vous

3333 3287 99 15 apportera
3449 3288 26 12 un
3491 3284 125 18 soulagement
3633 3287 77 15 presque
3727 3283 115 17 Instantané.

3333 3304 42 16 Cect
3388 3306 29 14 est
3430 3303 116 16 absolument
3558 3304 72 15 certain
3642 3307 33 12 car
3688 3303 19 16 la
3721 3303 79 16 formule
3813 3304 30 15 est

3333 3323 19 16 la
3366 3323 58 16 même
3439 3327 34 15 que
3489 3323 44 16 celle
3548 3323 89 17 prescrite
3652 3326 35 15 par
3702 3322 27 16 les
3744 3322 98 17 médecins.

3334 3342 105 18 Essayez-la
3454 3343 41 15 tout
3510 3343 23 15 de
3546 3343 54 17 suite,
3616 3346 45 12 vous
3675 3345 50 13 serez
3740 3342 102 16 émerveillé

3333 3362 32 16 des
3378 3362 93 16 résultats.
3484 3363 48 15 Mais
3545 3361 62 19 exigez
3618 3362 19 16 la
3648 3362 89 17 véritablt
3750 3362 93 16 POUDRE

3334 3382 106 15 MACLEAN
3454 3385 47 14 pour
3515 3381 101 16 l'e.sturAac.

3354 3402 23 15 Lc
3390 3402 47 18 petit
3449 3401 68 16 flacon.
3531 3402 19 14 10
3562 3401 35 17 frs;
3611 3401 17 16 le
3640 3401 59 18 grand
3710 3401 62 16 flacon
3788 3401 44 16 (dou-

3332 3420 29 16 ble
3374 3420 91 18 capacité)
3482 3421 46 15 17.50
3542 3421 33 15 frs.

3353 3440 20 15 Si
3398 3444 33 11 vu*.:
3439 3444 3 10 ;
3467 3443 24 13 ne
3516 3441 74 15 irauvez
3616 3443 34 16 pas
3674 3439 19 16 la
3718 3440 124 16 POUDRE

3333 3460 144 15 MACLEAN
3491 3460 44 15 chez
3549 3461 52 14 vitre
3614 3460 125 18 pharmacien,
3754 3459 69 16 écrivez
3829 3459 12 16 à

3333 3479 83 17 l'Agence
3437 3479 55 18 Belge
3512 3479 23 15 do
3555 3480 86 15 Produits
3662 3479 178 18 Pharmaceutiques,

3334 3498 24 16 18.
3375 3501 32 13 rue
3423 3498 92 17 Alphonsa
3531 3498 79 17 Renard.
3626 3499 99 15 Bruxelles.
3745 3498 96 17 (21/D3583

3347 3539 35 26 LA
3407 3534 156 32 PREMIÈRE
3586 3539 119 27 AGENCE
3730 3538 97 28 BELGE

3370 3574 22 16 de
3411 3574 204 16 RENSEIGNEMENTS
3632 3574 171 17 COMMERCIAUX

3404 3599 95 31 VAN
3520 3598 120 32 BETS
3660 3599 31 31 &
3710 3598 57 32 C^

3430 3637 26 16 02.
3474 3640 32 12 rue
3523 3637 65 17 Neuve,
3605 3637 26 17 92,
3648 3636 93 16 Bruxelles

3447 3656 25 15 Sa
3484 3656 149 15 documentation
3647 3655 74 19 précise.

3471 3675 32 15 Sei
3517 3675 39 17 prix
3571 3676 115 15 nvnntcceux
3775 3673 58 16 (H224*
3831 3673 3 5 -
3832 3673 8 10 *

3779 3706 62 45 ^

3380 3768 102 36 VOUS
3505 3768 97 36 AVEZ
3625 3759 157 45 INTÉRÊT

3366 3823 11 15 à
3393 3823 92 16 consulter
3500 3827 34 12 nos
3549 3823 67 15 Petites
3632 3824 95 15 Annonces
3743 3824 57 15 «Tant
3821 3827 13 14 k,

3366 3848 108 16 d'effectuer
3488 3852 31 12 vos
3532 3849 71 15 achats.
3820 3851 15 13 k

3441 3895 279 30 AUJOURD'HUI

3475 3947 43 11 sous
3535 3943 53 16 notre
3605 3943 86 19 rubrique

3511 3993 201 30 RCHANDISES

3365 4234 12 15 H
3392 4237 10 15 y
3418 4238 11 11 »
3444 4234 32 15 des
3490 4234 57 16 offres
3563 4234 132 16 Intéressantes
3710 4238 45 15 poar
3771 4238 6 12 :

3365 4260 59 15 Savon
3441 4267 22 4 —
3479 4259 66 16 Laines
3562 4267 21 5 —
3600 4260 75 18 Cigares
3690 4267 22 6 —
3728 4260 70 16 Tabac»

3363 4292 21 5 —
3397 4285 52 19 ripes
3463 4292 21 5 —
3498 4285 35 15 Das
3547 4293 21 4 —
3582 4286 118 15 Chaussettes
3713 4293 23 5 —
3748 4286 40 16 Arti-

3364 4310 36 16 cles
3416 4314 46 15 pour
3478 4311 81 15 cadeaux
3574 4319 22 4 —
3611 4311 104 16 vêlements
3731 4311 66 19 sports,

3558 4337 32 14 etc.

3610 4338 34 14 etc.

3381 4375 82 36 Voyez
3482 4375 112 30 adresses
3613 4386 30 19 en
3663 4379 61 33 page
3744 4377 27 29 10

3820 4220 13 22 ►

3819 4245 13 22 ►

3819 4270 13 21 ►

3819 4344 12 21 ►

3818 4369 13 20 ►

3818 4397 14 18 r

3695 4418 102 16 s.c.p.tm
3818 4417 15 22 ►

3326 4631 69 48 ras
3415 4632 59 47 oes
3489 4632 117 52 Foyers

3325 4697 24 18 i)2
3364 4694 20 25 %
3399 4689 185 27 dt^ômbûstiDle

3418 4721 72 19 utilisé

3325 4744 28 20 Le
3358 4744 46 20 seul
3412 4744 14 20 à
3433 4744 152 24 récupération

3348 4769 67 22 totale
3428 4769 26 20 de
3467 4769 91 20 chaleur

3322 4792 24 20 «
3363 4793 20 21 %
3401 4793 181 20 D'ECONOMIE.

3336 4817 68 18 95.000
3421 4817 36 19 EN
3475 4818 94 19 USAGE

3325 4840 5 13 !
3340 4840 46 14 nltsr
3400 4840 97 16 brafsrttes
3509 4842 19 14 et
3540 4842 56 17 petits
3608 4844 54 15 coke*
3675 4843 155 19 métallurgiques.

3344 4859 48 16 Salle
3412 4859 123 19 d'Exposition
3554 4864 74 15 ouverte
3648 4863 22 16 de
3689 4863 11 15 0
3719 4863 12 15 à
3751 4863 20 16 16
3789 4863 20 17 h.

3441 4879 78 17 Samell.
3536 4880 23 16 de
3575 4881 10 15 9
3602 4881 17 16 h.
3636 4882 11 15 â
3664 4882 44 16 midi

3360 4897 63 16 Cslnei
3441 4897 104 20 BURDIAC.
3563 4900 228 18 FORES'f-ERUXELLES

3363 4916 16 18 P.
3395 4920 32 12 rue
3442 4918 37 15 Em.
3495 4918 58 16 Pathé
3570 4919 49 16 (coin
3635 4924 32 12 rue
3683 4921 103 18 Bolllnekx)

3468 4963 125 20 SURDIAC
3609 4964 69 20 HUIS

3398 4988 88 16 cfaaus*ée
3499 4990 22 14 de
3535 4989 82 17 Malines.
3633 4991 68 15 Anvers
3717 4992 98 17 (11/D3483

2956 5036 121 31 UINE
3104 5038 306 33 OCCASIOIN
3438 5043 222 36 UNIQUE

3112 5075 69 16 TRAIN
3199 5077 92 17 SPECIAL
3308 5079 38 15 BRI
3356 5080 146 16 XELLCS-MCE

2849 5093 69 18 Déport
2930 5094 21 15 22
2964 5094 99 16 décembre.
3076 5095 69 16 Retour
3157 5096 26 15 27.
3197 5097 42 15 Prix
3255 5097 42 16 -o»
3311 5098 24 16 fr.
3350 5099 60 17 bdues
3425 5103 22 12 cn
3463 5101 20 14 3c
3498 5102 18 14 c:
3531 5102 31 14 S",0
3577 5102 23 16 fr.
3615 5102 60 18 beUes
3689 5107 23 13 cn
3727 5105 20 15 2c

2849 5116 12 15 y
2876 5113 79 18 compris
2971 5117 54 15 repas
3041 5118 22 12 en
3081 5115 52 15 W.-R
3155 5117 19 13 e:
3189 5116 62 18 séjour
3266 5116 48 19 Nice,
3328 5117 59 17 hitels
3401 5119 29 15 1er
3442 5120 54 15 ordre
3511 5122 83 15 ipcnslon
3608 5123 89 17 complète
3716 5125 57 16 taxes.

3018 5134 84 16 service).
3117 5134 13 16 S
3137 5134 75 17 Inscrire
3226 5136 96 18 d'uruence
3338 5141 5 12 :
3365 5139 32 15 t~"
3426 5139 20 15 17
3533 5141 7 9 .
3588 5141 11 10 »
3630 5138 27 12 m
3696 5138 22 16 -,

2848 5164 27 16 2».
2890 5163 98 16 boulevard
3004 5165 32 15 Ad.
3051 5165 49 16 Max.
3116 5166 97 16 BruxCle».
3230 5175 21 5 -
3267 5141 144 48 Telt.^V
3416 5141 122 45 Jl^i?
3537 5181 79 8 __
3632 5143 61 27 TOU
3695 5153 82 18 ™™

2868 5219 146 79 Le
3052 5222 689 83 Veri^icire

2865 5305 43 33 •Ca
2919 5306 109 36 Cnime.
3037 5307 371 40 de!è«cuiX*idi*ÀTTUzuJt^.

2869 5349 172 21 Concenionnoire,
3053 5352 74 19 Charles
3137 5353 264 20 VANLANGENDONCK.3I.
3408 5361 32 12 m»
3447 5358 25 14 du
3480 5360 51 11 .o»-
3538 5363 37 7 ~-
3583 5361 56 12 i-«—
3640 5366 5 7 ,
3652 5357 108 16 o^KFIIPt
